<?xml version="1.0" encoding="UTF-8"?>
<!DOCTYPE html PUBLIC "-//W3C//DTD XHTML 1.0 Transitional//EN"
    "http://www.w3.org/TR/xhtml1/DTD/xhtml1-transitional.dtd">
<html xmlns="http://www.w3.org/1999/xhtml" xml:lang="en" lang="en">
 <head>
  <title>
</title>
<meta http-equiv="Content-Type" content="text/html;charset=utf-8" />
  <meta name='ocr-system' content='tesseract 3.04.00' />
  <meta name='ocr-capabilities' content='ocr_page ocr_carea ocr_par ocr_line ocrx_word'/>
</head>
<body>
  <div class='ocr_page' id='page_1' title='image "MN5019ucmf_0_0317.png"; bbox 0 0 2416 3337; ppageno 0'>
   <div class='ocr_carea' id='block_1_1' title="bbox 506 202 810 235">
    <p class='ocr_par' dir='ltr' id='par_1_1' title="bbox 506 202 810 235">
     <span class='ocr_line' id='line_1_1' title="bbox 506 202 810 235; baseline 0.003 -2"><span class='ocrx_word' id='word_1_1' title='bbox 506 202 650 234; x_wconf 76' lang='lat' dir='ltr'>srrcmaermu</span> <span class='ocrx_word' id='word_1_2' title='bbox 667 204 810 235; x_wconf 79' lang='lat' dir='ltr'>OSSORIENSE.</span> 
     </span>
    </p>
   </div>
   <div class='ocr_carea' id='block_1_2' title="bbox 627 411 707 454">
    <p class='ocr_par' dir='ltr' id='par_1_2' title="bbox 627 411 707 454">
     <span class='ocr_line' id='line_1_2' title="bbox 627 411 707 454; baseline -0.013 0"><span class='ocrx_word' id='word_1_3' title='bbox 627 411 707 454; x_wconf 79' lang='lat' dir='ltr'>CXXI.</span> 
     </span>
    </p>
   </div>
   <div class='ocr_carea' id='block_1_3' title="bbox 220 515 1088 579">
    <p class='ocr_par' dir='ltr' id='par_1_3' title="bbox 220 515 1088 579">
     <span class='ocr_line' id='line_1_3' title="bbox 220 515 1088 579; baseline 0 -15"><span class='ocrx_word' id='word_1_4' title='bbox 220 520 317 565; x_wconf 82' lang='lat' dir='ltr'>Lurrna</span> <span class='ocrx_word' id='word_1_5' title='bbox 327 537 354 566; x_wconf 82' lang='lat' dir='ltr'>or</span> <span class='ocrx_word' id='word_1_6' title='bbox 365 524 391 565; x_wconf 75' lang='lat' dir='ltr'>F.</span> <span class='ocrx_word' id='word_1_7' title='bbox 402 524 523 568; x_wconf 72' lang='lat' dir='ltr'>tlarreaa</span> <span class='ocrx_word' id='word_1_8' title='bbox 536 525 690 568; x_wconf 74' lang='lat' dir='ltr'>O&#39;Hraracar</span> <span class='ocrx_word' id='word_1_9' title='bbox 699 539 761 568; x_wconf 81' lang='lat' dir='ltr'>raou</span> <span class='ocrx_word' id='word_1_10' title='bbox 771 515 846 579; x_wconf 76' lang='lat' dir='ltr'>Parus,</span> <span class='ocrx_word' id='word_1_11' title='bbox 856 527 916 569; x_wconf 79' lang='lat' dir='ltr'>30rfl</span> <span class='ocrx_word' id='word_1_12' title='bbox 923 526 1014 578; x_wconf 70' lang='lat' dir='ltr'>blanca,</span> <span class='ocrx_word' id='word_1_13' title='bbox 1024 523 1088 566; x_wconf 79' lang='lat'>1643.</span> 
     </span>
    </p>
   </div>
   <div class='ocr_carea' id='block_1_4' title="bbox 464 637 846 678">
    <p class='ocr_par' dir='ltr' id='par_1_4' title="bbox 464 637 846 678">
     <span class='ocr_line' id='line_1_4' title="bbox 464 637 846 678; baseline 0 -9"><span class='ocrx_word' id='word_1_14' title='bbox 464 637 524 678; x_wconf 77' lang='lat' dir='ltr'>(Faeni</span> <span class='ocrx_word' id='word_1_15' title='bbox 536 647 572 669; x_wconf 75' lang='lat' dir='ltr'>rna</span> <span class='ocrx_word' id='word_1_16' title='bbox 585 637 650 669; x_wconf 67' lang='lat' dir='ltr'>arsura</span> <span class='ocrx_word' id='word_1_17' title='bbox 663 637 763 675; x_wconf 62' lang='lat' dir='ltr'>Ancarius</span> <span class='ocrx_word' id='word_1_18' title='bbox 776 638 846 678; x_wconf 76' lang='lat' dir='ltr'>noua.)</span> 
     </span>
    </p>
   </div>
   <div class='ocr_carea' id='block_1_5' title="bbox 215 736 1090 1840">
    <p class='ocr_par' dir='ltr' id='par_1_5' title="bbox 215 736 1090 1840">
     <span class='ocr_line' id='line_1_5' title="bbox 273 736 1089 793; baseline -0.001 -13"><span class='ocrx_word' id='word_1_19' title='bbox 273 736 362 780; x_wconf 89' lang='lat' dir='ltr'>Oblatae</span> <span class='ocrx_word' id='word_1_20' title='bbox 383 737 438 778; x_wconf 81' lang='lat' dir='ltr'>milri</span> <span class='ocrx_word' id='word_1_21' title='bbox 458 738 550 779; x_wconf 85' lang='lat' dir='ltr'>fuerunt</span> <span class='ocrx_word' id='word_1_22' title='bbox 570 737 598 778; x_wconf 77' lang='lat'>25</span> <span class='ocrx_word' id='word_1_23' title='bbox 619 737 688 793; x_wconf 86' lang='lat' dir='ltr'>hujus</span> <span class='ocrx_word' id='word_1_24' title='bbox 703 737 788 780; x_wconf 81' lang='lat' dir='ltr'>mensis</span> <span class='ocrx_word' id='word_1_25' title='bbox 809 752 848 792; x_wconf 89' lang='lat' dir='ltr'>per</span> <span class='ocrx_word' id='word_1_26' title='bbox 867 737 894 779; x_wconf 79' lang='lat' dir='ltr'>R.</span> <span class='ocrx_word' id='word_1_27' title='bbox 917 737 942 778; x_wconf 91' lang='lat' dir='ltr'>P.</span> <span class='ocrx_word' id='word_1_28' title='bbox 965 738 1089 779; x_wconf 82' lang='lat' dir='ltr'>Jordanum</span> 
     </span>
     <span class='ocr_line' id='line_1_6' title="bbox 219 807 1088 864; baseline 0.001 -15"><span class='ocrx_word' id='word_1_29' title='bbox 219 808 340 851; x_wconf 85' lang='lat' dir='ltr'>Foresterie</span> <span class='ocrx_word' id='word_1_30' title='bbox 361 807 527 857; x_wconf 87' lang='lat' dir='ltr'>Provinciarum</span> <span class='ocrx_word' id='word_1_31' title='bbox 549 807 633 850; x_wconf 84' lang='lat' dir='ltr'>Galliae</span> <span class='ocrx_word' id='word_1_32' title='bbox 659 808 682 850; x_wconf 90' lang='lat' dir='ltr'>in</span> <span class='ocrx_word' id='word_1_33' title='bbox 703 808 753 850; x_wconf 85' lang='lat' dir='ltr'>aula</span> <span class='ocrx_word' id='word_1_34' title='bbox 782 809 948 851; x_wconf 87' lang='lat' dir='ltr'>Procuratorem</span> <span class='ocrx_word' id='word_1_35' title='bbox 978 807 1088 864; x_wconf 89' lang='lat' dir='ltr'>supplices</span> 
     </span>
     <span class='ocr_line' id='line_1_7' title="bbox 217 879 1088 936; baseline 0.001 -16"><span class='ocrx_word' id='word_1_36' title='bbox 217 879 386 934; x_wconf 83' lang='lat' dir='ltr'>litteraeviginti</span> <span class='ocrx_word' id='word_1_37' title='bbox 393 879 463 921; x_wconf 89' lang='lat' dir='ltr'>millia</span> <span class='ocrx_word' id='word_1_38' title='bbox 471 879 622 923; x_wconf 86' lang='lat' dir='ltr'>Hibernorum</span> <span class='ocrx_word' id='word_1_39' title='bbox 628 894 683 936; x_wconf 89' lang='lat' dir='ltr'>quos</span> <span class='ocrx_word' id='word_1_40' title='bbox 690 881 813 936; x_wconf 85' lang='lat' dir='ltr'>persecutio</span> <span class='ocrx_word' id='word_1_41' title='bbox 821 884 844 923; x_wconf 86' lang='lat' dir='ltr'>et</span> <span class='ocrx_word' id='word_1_42' title='bbox 851 880 956 935; x_wconf 86' lang='lat' dir='ltr'>iniquitas</span> <span class='ocrx_word' id='word_1_43' title='bbox 962 884 1088 935; x_wconf 88' lang='lat' dir='ltr'>temporum</span> 
     </span>
     <span class='ocr_line' id='line_1_8' title="bbox 217 948 1087 1007; baseline 0.001 -16"><span class='ocrx_word' id='word_1_44' title='bbox 217 950 304 992; x_wconf 72' lang='lat' dir='ltr'>exulare</span> <span class='ocrx_word' id='word_1_45' title='bbox 321 950 393 1006; x_wconf 87' lang='lat' dir='ltr'>coegit</span> <span class='ocrx_word' id='word_1_46' title='bbox 404 954 425 992; x_wconf 91' lang='lat' dir='ltr'>et</span> <span class='ocrx_word' id='word_1_47' title='bbox 437 950 501 994; x_wconf 81' lang='lat' dir='ltr'>sedes</span> <span class='ocrx_word' id='word_1_48' title='bbox 517 951 584 1007; x_wconf 82' lang='lat' dir='ltr'>figere</span> <span class='ocrx_word' id='word_1_49' title='bbox 594 951 618 993; x_wconf 87' lang='lat' dir='ltr'>in</span> <span class='ocrx_word' id='word_1_50' title='bbox 633 951 712 994; x_wconf 79' lang='lat' dir='ltr'>Insula</span> <span class='ocrx_word' id='word_1_51' title='bbox 731 948 765 993; x_wconf 58' lang='lat' dir='ltr'>Sl*</span> <span class='ocrx_word' id='word_1_52' title='bbox 786 950 939 1007; x_wconf 79' lang='lat' dir='ltr'>Ohristophori</span> <span class='ocrx_word' id='word_1_53' title='bbox 950 955 972 993; x_wconf 90' lang='lat' dir='ltr'>et</span> <span class='ocrx_word' id='word_1_54' title='bbox 982 950 1036 993; x_wconf 90' lang='lat' dir='ltr'>locis</span> <span class='ocrx_word' id='word_1_55' title='bbox 1047 951 1087 992; x_wconf 85' lang='lat' dir='ltr'>cir-</span> 
     </span>
     <span class='ocr_line' id='line_1_9' title="bbox 217 1022 1088 1077; baseline -0.001 -14"><span class='ocrx_word' id='word_1_56' title='bbox 217 1022 399 1077; x_wconf 82' lang='lat' dir='ltr'>cumjacentibus.</span> <span class='ocrx_word' id='word_1_57' title='bbox 431 1022 481 1064; x_wconf 89' lang='lat' dir='ltr'>Has</span> <span class='ocrx_word' id='word_1_58' title='bbox 505 1022 533 1063; x_wconf 88' lang='lat' dir='ltr'>D.</span> <span class='ocrx_word' id='word_1_59' title='bbox 550 1023 587 1064; x_wconf 85' lang='lat' dir='ltr'>Du</span> <span class='ocrx_word' id='word_1_60' title='bbox 602 1023 698 1074; x_wconf 87' lang='lat' dir='ltr'>Poenus,</span> <span class='ocrx_word' id='word_1_61' title='bbox 715 1023 844 1066; x_wconf 75' lang='lat' dir='ltr'>Praefectus</span> <span class='ocrx_word' id='word_1_62' title='bbox 862 1023 945 1065; x_wconf 79' lang='lat' dir='ltr'>Classis</span> <span class='ocrx_word' id='word_1_63' title='bbox 962 1022 1088 1065; x_wconf 75' lang='lat' dir='ltr'>Gallicanae</span> 
     </span>
     <span class='ocr_line' id='line_1_10' title="bbox 217 1092 1088 1149; baseline -0.001 -16"><span class='ocrx_word' id='word_1_64' title='bbox 217 1092 305 1134; x_wconf 89' lang='lat' dir='ltr'>illorum</span> <span class='ocrx_word' id='word_1_65' title='bbox 316 1095 428 1135; x_wconf 88' lang='lat' dir='ltr'>tractuum</span> <span class='ocrx_word' id='word_1_66' title='bbox 439 1092 523 1146; x_wconf 88' lang='lat' dir='ltr'>attulit,</span> <span class='ocrx_word' id='word_1_67' title='bbox 536 1093 614 1149; x_wconf 87' lang='lat' dir='ltr'>quibus</span> <span class='ocrx_word' id='word_1_68' title='bbox 626 1096 648 1135; x_wconf 90' lang='lat' dir='ltr'>et</span> <span class='ocrx_word' id='word_1_69' title='bbox 658 1094 705 1148; x_wconf 90' lang='lat' dir='ltr'>ipse</span> <span class='ocrx_word' id='word_1_70' title='bbox 716 1093 844 1149; x_wconf 80' lang='lat' dir='ltr'>adprecator</span> <span class='ocrx_word' id='word_1_71' title='bbox 858 1092 949 1135; x_wconf 86' lang='lat' dir='ltr'>accessit</span> <span class='ocrx_word' id='word_1_72' title='bbox 959 1095 984 1134; x_wconf 88' lang='lat' dir='ltr'>ut</span> <span class='ocrx_word' id='word_1_73' title='bbox 995 1092 1037 1134; x_wconf 86' lang='lat' dir='ltr'>duo</span> <span class='ocrx_word' id='word_1_74' title='bbox 1049 1095 1088 1133; x_wconf 90' lang='lat' dir='ltr'>aut</span> 
     </span>
     <span class='ocr_line' id='line_1_11' title="bbox 218 1161 1089 1218; baseline -0.002 -14"><span class='ocrx_word' id='word_1_75' title='bbox 218 1163 293 1218; x_wconf 86' lang='lat' dir='ltr'>plures</span> <span class='ocrx_word' id='word_1_76' title='bbox 309 1177 321 1205; x_wconf 94' lang='lat' dir='ltr'>e</span> <span class='ocrx_word' id='word_1_77' title='bbox 339 1163 446 1206; x_wconf 79' lang='lat' dir='ltr'>Societate</span> <span class='ocrx_word' id='word_1_78' title='bbox 464 1167 542 1208; x_wconf 88' lang='lat' dir='ltr'>nostra</span> <span class='ocrx_word' id='word_1_79' title='bbox 564 1163 660 1205; x_wconf 89' lang='lat' dir='ltr'>Hiberni</span> <span class='ocrx_word' id='word_1_80' title='bbox 679 1177 703 1205; x_wconf 91' lang='lat' dir='ltr'>eo</span> <span class='ocrx_word' id='word_1_81' title='bbox 721 1162 892 1212; x_wconf 83' lang='lat' dir='ltr'>destinarentur,</span> <span class='ocrx_word' id='word_1_82' title='bbox 911 1162 949 1217; x_wconf 89' lang='lat' dir='ltr'>qui</span> <span class='ocrx_word' id='word_1_83' title='bbox 959 1161 1089 1203; x_wconf 87' lang='lat' dir='ltr'>Pastoribus</span> 
     </span>
     <span class='ocr_line' id='line_1_12' title="bbox 219 1231 1088 1288; baseline -0.005 -13"><span class='ocrx_word' id='word_1_84' title='bbox 219 1233 338 1275; x_wconf 80' lang='lat' dir='ltr'>destitutos</span> <span class='ocrx_word' id='word_1_85' title='bbox 356 1234 491 1276; x_wconf 65' lang='lat' dir='ltr'>contribules</span> <span class='ocrx_word' id='word_1_86' title='bbox 502 1236 602 1288; x_wconf 83' lang='lat' dir='ltr'>regerent</span> <span class='ocrx_word' id='word_1_87' title='bbox 617 1237 640 1274; x_wconf 92' lang='lat' dir='ltr'>et</span> <span class='ocrx_word' id='word_1_88' title='bbox 656 1232 744 1274; x_wconf 87' lang='lat' dir='ltr'>Xtianis</span> <span class='ocrx_word' id='word_1_89' title='bbox 762 1232 834 1274; x_wconf 81' lang='lat' dir='ltr'>Sacris</span> <span class='ocrx_word' id='word_1_90' title='bbox 852 1232 973 1274; x_wconf 88' lang='lat' dir='ltr'>reficerent.</span> <span class='ocrx_word' id='word_1_91' title='bbox 1006 1231 1088 1273; x_wconf 88' lang='lat' dir='ltr'>Litter-</span> 
     </span>
     <span class='ocr_line' id='line_1_13' title="bbox 218 1298 1088 1359; baseline -0.003 -13"><span class='ocrx_word' id='word_1_92' title='bbox 218 1318 281 1346; x_wconf 86' lang='lat' dir='ltr'>arum</span> <span class='ocrx_word' id='word_1_93' title='bbox 292 1304 402 1359; x_wconf 78' lang='lat' dir='ltr'>exemplar</span> <span class='ocrx_word' id='word_1_94' title='bbox 417 1305 482 1346; x_wconf 90' lang='lat' dir='ltr'>mitto</span> <span class='ocrx_word' id='word_1_95' title='bbox 494 1304 521 1346; x_wconf 80' lang='lat' dir='ltr'>acl</span> <span class='ocrx_word' id='word_1_96' title='bbox 537 1304 564 1346; x_wconf 82' lang='lat' dir='ltr'>R.</span> <span class='ocrx_word' id='word_1_97' title='bbox 581 1304 606 1345; x_wconf 87' lang='lat' dir='ltr'>P.</span> <span class='ocrx_word' id='word_1_98' title='bbox 619 1303 767 1345; x_wconf 84' lang='lat' dir='ltr'>Guillelmum</span> <span class='ocrx_word' id='word_1_99' title='bbox 779 1302 894 1345; x_wconf 80' lang='lat' dir='ltr'>O&#39;ltlalone</span> <span class='ocrx_word' id='word_1_100' title='bbox 907 1301 999 1344; x_wconf 82' lang='lat' dir='ltr'>utillud</span> <span class='ocrx_word' id='word_1_101' title='bbox 1012 1301 1040 1343; x_wconf 87' lang='lat' dir='ltr'>V.</span> <span class='ocrx_word' id='word_1_102' title='bbox 1059 1298 1088 1343; x_wconf 58' lang='lat' dir='ltr'>Pi·</span> 
     </span>
     <span class='ocr_line' id='line_1_14' title="bbox 217 1372 1088 1430; baseline -0.005 -12"><span class='ocrx_word' id='word_1_103' title='bbox 217 1375 319 1418; x_wconf 79' lang='lat' dir='ltr'>ostendat</span> <span class='ocrx_word' id='word_1_104' title='bbox 339 1378 361 1416; x_wconf 91' lang='lat' dir='ltr'>et</span> <span class='ocrx_word' id='word_1_105' title='bbox 381 1375 408 1416; x_wconf 82' lang='lat' dir='ltr'>cle</span> <span class='ocrx_word' id='word_1_106' title='bbox 433 1375 499 1417; x_wconf 81' lang='lat' dir='ltr'>modo</span> <span class='ocrx_word' id='word_1_107' title='bbox 524 1374 701 1430; x_wconf 79' lang='lat' dir='ltr'>periclitantibus</span> <span class='ocrx_word' id='word_1_108' title='bbox 727 1372 844 1416; x_wconf 85' lang='lat' dir='ltr'>animabus</span> <span class='ocrx_word' id='word_1_109' title='bbox 867 1373 1010 1416; x_wconf 82' lang='lat' dir='ltr'>subveniendi</span> <span class='ocrx_word' id='word_1_110' title='bbox 1031 1376 1088 1429; x_wconf 85' lang='lat' dir='ltr'>agat.</span> 
     </span>
     <span class='ocr_line' id='line_1_15' title="bbox 218 1443 1088 1500; baseline -0.002 -13"><span class='ocrx_word' id='word_1_111' title='bbox 218 1445 320 1487; x_wconf 89' lang='lat' dir='ltr'>Obtestcr</span> <span class='ocrx_word' id='word_1_112' title='bbox 328 1449 350 1487; x_wconf 92' lang='lat' dir='ltr'>et</span> <span class='ocrx_word' id='word_1_113' title='bbox 360 1445 407 1500; x_wconf 87' lang='lat' dir='ltr'>ipse</span> <span class='ocrx_word' id='word_1_114' title='bbox 419 1445 446 1487; x_wconf 90' lang='lat' dir='ltr'>V.</span> <span class='ocrx_word' id='word_1_115' title='bbox 457 1445 493 1486; x_wconf 71' lang='lat' dir='ltr'>Pa</span> <span class='ocrx_word' id='word_1_116' title='bbox 508 1450 533 1488; x_wconf 88' lang='lat' dir='ltr'>ut</span> <span class='ocrx_word' id='word_1_117' title='bbox 544 1459 579 1487; x_wconf 90' lang='lat' dir='ltr'>me</span> <span class='ocrx_word' id='word_1_118' title='bbox 590 1444 643 1487; x_wconf 82' lang='lat' dir='ltr'>velit</span> <span class='ocrx_word' id='word_1_119' title='bbox 655 1445 795 1487; x_wconf 85' lang='lat' dir='ltr'>comittere:</span> <span class='ocrx_word' id='word_1_120' title='bbox 813 1445 871 1486; x_wconf 87' lang='lat' dir='ltr'>favet</span> <span class='ocrx_word' id='word_1_121' title='bbox 879 1444 1022 1488; x_wconf 82' lang='lat' dir='ltr'>uehementer</span> <span class='ocrx_word' id='word_1_122' title='bbox 1030 1443 1088 1500; x_wconf 79' lang='lat' dir='ltr'>quod</span> 
     </span>
     <span class='ocr_line' id='line_1_16' title="bbox 215 1515 1088 1572; baseline -0.001 -14"><span class='ocrx_word' id='word_1_123' title='bbox 215 1516 276 1558; x_wconf 87' lang='lat' dir='ltr'>brevi</span> <span class='ocrx_word' id='word_1_124' title='bbox 286 1516 394 1571; x_wconf 76' lang='lat' dir='ltr'>defungar</span> <span class='ocrx_word' id='word_1_125' title='bbox 403 1516 509 1572; x_wconf 89' lang='lat' dir='ltr'>imposita</span> <span class='ocrx_word' id='word_1_126' title='bbox 519 1515 575 1558; x_wconf 78' lang='lat' dir='ltr'>milri</span> <span class='ocrx_word' id='word_1_127' title='bbox 586 1530 661 1558; x_wconf 88' lang='lat' dir='ltr'>rerum</span> <span class='ocrx_word' id='word_1_128' title='bbox 672 1516 694 1558; x_wconf 91' lang='lat' dir='ltr'>in</span> <span class='ocrx_word' id='word_1_129' title='bbox 706 1515 748 1558; x_wconf 88' lang='lat' dir='ltr'>hac</span> <span class='ocrx_word' id='word_1_130' title='bbox 768 1515 818 1558; x_wconf 89' lang='lat' dir='ltr'>aula</span> <span class='ocrx_word' id='word_1_131' title='bbox 829 1516 992 1558; x_wconf 82' lang='lat' dir='ltr'>tractandarum</span> <span class='ocrx_word' id='word_1_132' title='bbox 1002 1516 1088 1571; x_wconf 79' lang='lat' dir='ltr'>provin-</span> 
     </span>
     <span class='ocr_line' id='line_1_17' title="bbox 217 1587 1090 1643; baseline 0 -14"><span class='ocrx_word' id='word_1_133' title='bbox 217 1588 258 1639; x_wconf 86' lang='lat' dir='ltr'>cia,</span> <span class='ocrx_word' id='word_1_134' title='bbox 269 1588 327 1630; x_wconf 79' lang='lat' dir='ltr'>vires</span> <span class='ocrx_word' id='word_1_135' title='bbox 337 1587 395 1629; x_wconf 87' lang='lat' dir='ltr'>mibi</span> <span class='ocrx_word' id='word_1_136' title='bbox 402 1588 457 1629; x_wconf 85' lang='lat' dir='ltr'>satis</span> <span class='ocrx_word' id='word_1_137' title='bbox 467 1588 552 1639; x_wconf 85' lang='lat' dir='ltr'>firmae,</span> <span class='ocrx_word' id='word_1_138' title='bbox 561 1588 631 1630; x_wconf 89' lang='lat' dir='ltr'>trium</span> <span class='ocrx_word' id='word_1_139' title='bbox 640 1587 768 1643; x_wconf 83' lang='lat' dir='ltr'>linguarum</span> <span class='ocrx_word' id='word_1_140' title='bbox 778 1587 911 1639; x_wconf 82' lang='lat' dir='ltr'>Gallicanae,</span> <span class='ocrx_word' id='word_1_141' title='bbox 923 1587 1057 1643; x_wconf 83' lang='lat' dir='ltr'>Anglicanae</span> <span class='ocrx_word' id='word_1_142' title='bbox 1067 1591 1090 1629; x_wconf 90' lang='lat' dir='ltr'>et</span> 
     </span>
     <span class='ocr_line' id='line_1_18' title="bbox 217 1657 1089 1714; baseline 0 -16"><span class='ocrx_word' id='word_1_143' title='bbox 217 1657 350 1700; x_wconf 88' lang='lat' dir='ltr'>Hibernicae</span> <span class='ocrx_word' id='word_1_144' title='bbox 369 1658 471 1714; x_wconf 86' lang='lat' dir='ltr'>(quarum</span> <span class='ocrx_word' id='word_1_145' title='bbox 487 1658 512 1699; x_wconf 90' lang='lat' dir='ltr'>in</span> <span class='ocrx_word' id='word_1_146' title='bbox 528 1657 574 1700; x_wconf 89' lang='lat' dir='ltr'>illis</span> <span class='ocrx_word' id='word_1_147' title='bbox 592 1658 693 1713; x_wconf 90' lang='lat' dir='ltr'>partibus</span> <span class='ocrx_word' id='word_1_148' title='bbox 710 1657 850 1712; x_wconf 82' lang='lat' dir='ltr'>promiscuus</span> <span class='ocrx_word' id='word_1_149' title='bbox 867 1657 931 1710; x_wconf 86' lang='lat' dir='ltr'>usus)</span> <span class='ocrx_word' id='word_1_150' title='bbox 950 1657 1028 1712; x_wconf 88' lang='lat' dir='ltr'>peritia</span> <span class='ocrx_word' id='word_1_151' title='bbox 1044 1671 1089 1699; x_wconf 88' lang='lat' dir='ltr'>non</span> 
     </span>
     <span class='ocr_line' id='line_1_19' title="bbox 217 1722 1089 1784; baseline -0.001 -15"><span class='ocrx_word' id='word_1_152' title='bbox 217 1728 322 1782; x_wconf 80' lang='lat' dir='ltr'>vulgaris,</span> <span class='ocrx_word' id='word_1_153' title='bbox 333 1727 395 1769; x_wconf 83' lang='lat' dir='ltr'>aelus</span> <span class='ocrx_word' id='word_1_154' title='bbox 411 1728 536 1770; x_wconf 88' lang='lat' dir='ltr'>animarum</span> <span class='ocrx_word' id='word_1_155' title='bbox 552 1741 591 1783; x_wconf 89' lang='lat' dir='ltr'>per</span> <span class='ocrx_word' id='word_1_156' title='bbox 606 1727 650 1769; x_wconf 90' lang='lat' dir='ltr'>Dei</span> <span class='ocrx_word' id='word_1_157' title='bbox 666 1727 761 1782; x_wconf 77' lang='lat' dir='ltr'>gratiam</span> <span class='ocrx_word' id='word_1_158' title='bbox 779 1722 889 1779; x_wconf 83' lang='lat' dir='ltr'>intensus,</span> <span class='ocrx_word' id='word_1_159' title='bbox 902 1730 924 1769; x_wconf 89' lang='lat' dir='ltr'>et</span> <span class='ocrx_word' id='word_1_160' title='bbox 942 1739 1010 1784; x_wconf 87' lang='lat' dir='ltr'>prona</span> <span class='ocrx_word' id='word_1_161' title='bbox 1026 1726 1089 1770; x_wconf 85' lang='lat' dir='ltr'>vehe-</span> 
     </span>
     <span class='ocr_line' id='line_1_20' title="bbox 220 1796 818 1840; baseline -0.002 -1"><span class='ocrx_word' id='word_1_162' title='bbox 220 1801 305 1840; x_wconf 87' lang='lat' dir='ltr'>menter</span> <span class='ocrx_word' id='word_1_163' title='bbox 315 1797 338 1840; x_wconf 87' lang='lat' dir='ltr'>in</span> <span class='ocrx_word' id='word_1_164' title='bbox 350 1811 399 1839; x_wconf 88' lang='lat' dir='ltr'>eam</span> <span class='ocrx_word' id='word_1_165' title='bbox 410 1800 449 1840; x_wconf 87' lang='lat' dir='ltr'>aut</span> <span class='ocrx_word' id='word_1_166' title='bbox 460 1797 557 1840; x_wconf 85' lang='lat' dir='ltr'>similem</span> <span class='ocrx_word' id='word_1_167' title='bbox 568 1796 698 1839; x_wconf 85' lang='lat' dir='ltr'>missionem</span> <span class='ocrx_word' id='word_1_168' title='bbox 709 1796 818 1839; x_wconf 87' lang='lat' dir='ltr'>voluntas.</span> 
     </span>
    </p>
   </div>
   <div class='ocr_carea' id='block_1_6' title="bbox 610 2162 702 2205">
    <p class='ocr_par' dir='ltr' id='par_1_6' title="bbox 610 2162 702 2205">
     <span class='ocr_line' id='line_1_21' title="bbox 610 2162 702 2205; baseline -0.011 0"><span class='ocrx_word' id='word_1_169' title='bbox 610 2162 702 2205; x_wconf 82' lang='lat' dir='ltr'>CXXH.</span> 
     </span>
    </p>
   </div>
   <div class='ocr_carea' id='block_1_7' title="bbox 378 2278 928 2331">
    <p class='ocr_par' dir='ltr' id='par_1_7' title="bbox 378 2278 928 2331">
     <span class='ocr_line' id='line_1_22' title="bbox 378 2278 928 2331; baseline -0.004 -9"><span class='ocrx_word' id='word_1_170' title='bbox 378 2281 475 2323; x_wconf 72' lang='lat' dir='ltr'>Laurea</span> <span class='ocrx_word' id='word_1_171' title='bbox 492 2292 553 2323; x_wconf 82' lang='lat' dir='ltr'>rnoru</span> <span class='ocrx_word' id='word_1_172' title='bbox 570 2279 693 2331; x_wconf 79' lang='lat' dir='ltr'>anarcu,</span> <span class='ocrx_word' id='word_1_173' title='bbox 711 2278 751 2321; x_wconf 87' lang='lat' dir='ltr'>lsr</span> <span class='ocrx_word' id='word_1_174' title='bbox 767 2278 845 2330; x_wconf 82' lang='lat' dir='ltr'>Anam,</span> <span class='ocrx_word' id='word_1_175' title='bbox 864 2279 928 2321; x_wconf 73' lang='lat'>1643.</span> 
     </span>
    </p>
   </div>
   <div class='ocr_carea' id='block_1_8' title="bbox 219 2386 472 2439">
    <p class='ocr_par' dir='ltr' id='par_1_8' title="bbox 219 2386 472 2439">
     <span class='ocr_line' id='line_1_23' title="bbox 219 2386 472 2439; baseline 0.012 -12"><span class='ocrx_word' id='word_1_176' title='bbox 219 2386 373 2429; x_wconf 77' lang='lat' dir='ltr'>Varnnlernrs</span> <span class='ocrx_word' id='word_1_177' title='bbox 389 2388 472 2439; x_wconf 70' lang='lat' dir='ltr'>Parra,</span> 
     </span>
    </p>
   </div>
   <div class='ocr_carea' id='block_1_9' title="bbox 216 2461 1093 3152">
    <p class='ocr_par' dir='ltr' id='par_1_9' title="bbox 216 2461 1093 2729">
     <span class='ocr_line' id='line_1_24' title="bbox 265 2461 1092 2520; baseline 0.004 -18"><span class='ocrx_word' id='word_1_178' title='bbox 265 2461 329 2503; x_wconf 88' lang='lat' dir='ltr'>Licet</span> <span class='ocrx_word' id='word_1_179' title='bbox 344 2462 371 2503; x_wconf 85' lang='lat' dir='ltr'>ad</span> <span class='ocrx_word' id='word_1_180' title='bbox 387 2463 476 2506; x_wconf 88' lang='lat' dir='ltr'>Patrem</span> <span class='ocrx_word' id='word_1_181' title='bbox 490 2464 601 2507; x_wconf 80' lang='lat' dir='ltr'>Anclream</span> <span class='ocrx_word' id='word_1_182' title='bbox 612 2464 698 2518; x_wconf 68' lang='lat' dir='ltr'>vulgari</span> <span class='ocrx_word' id='word_1_183' title='bbox 713 2463 790 2520; x_wconf 79' lang='lat' dir='ltr'>lingua</span> <span class='ocrx_word' id='word_1_184' title='bbox 807 2462 933 2518; x_wconf 86' lang='lat' dir='ltr'>scripserim</span> <span class='ocrx_word' id='word_1_185' title='bbox 943 2463 1054 2505; x_wconf 89' lang='lat' dir='ltr'>succincte</span> <span class='ocrx_word' id='word_1_186' title='bbox 1064 2462 1092 2505; x_wconf 86' lang='lat' dir='ltr'>de</span> 
     </span>
     <span class='ocr_line' id='line_1_25' title="bbox 219 2534 1092 2590; baseline 0.002 -16"><span class='ocrx_word' id='word_1_187' title='bbox 219 2535 280 2574; x_wconf 87' lang='lat' dir='ltr'>statu</span> <span class='ocrx_word' id='word_1_188' title='bbox 301 2536 391 2574; x_wconf 89' lang='lat' dir='ltr'>nostrae</span> <span class='ocrx_word' id='word_1_189' title='bbox 411 2534 493 2588; x_wconf 82' lang='lat' dir='ltr'>patriae</span> <span class='ocrx_word' id='word_1_190' title='bbox 514 2536 537 2576; x_wconf 89' lang='lat' dir='ltr'>in</span> <span class='ocrx_word' id='word_1_191' title='bbox 558 2535 606 2589; x_wconf 88' lang='lat' dir='ltr'>hoc</span> <span class='ocrx_word' id='word_1_192' title='bbox 620 2535 685 2584; x_wconf 79' lang='lat' dir='ltr'>bello,</span> <span class='ocrx_word' id='word_1_193' title='bbox 704 2535 753 2590; x_wconf 81' lang='lat' dir='ltr'>lege</span> <span class='ocrx_word' id='word_1_194' title='bbox 771 2538 845 2576; x_wconf 89' lang='lat' dir='ltr'>tamen</span> <span class='ocrx_word' id='word_1_195' title='bbox 864 2536 954 2576; x_wconf 88' lang='lat' dir='ltr'>naturae</span> <span class='ocrx_word' id='word_1_196' title='bbox 971 2537 993 2576; x_wconf 90' lang='lat' dir='ltr'>et</span> <span class='ocrx_word' id='word_1_197' title='bbox 1009 2535 1092 2589; x_wconf 85' lang='lat' dir='ltr'>gratiae</span> 
     </span>
     <span class='ocr_line' id='line_1_26' title="bbox 218 2601 1093 2660; baseline 0.001 -16"><span class='ocrx_word' id='word_1_198' title='bbox 218 2601 333 2645; x_wconf 81' lang='lat' dir='ltr'>devinctus</span> <span class='ocrx_word' id='word_1_199' title='bbox 345 2606 519 2645; x_wconf 88' lang='lat' dir='ltr'>consentaneum</span> <span class='ocrx_word' id='word_1_200' title='bbox 530 2604 583 2646; x_wconf 77' lang='lat' dir='ltr'>duxi</span> <span class='ocrx_word' id='word_1_201' title='bbox 594 2605 667 2660; x_wconf 86' lang='lat' dir='ltr'>aliqua</span> <span class='ocrx_word' id='word_1_202' title='bbox 679 2619 704 2647; x_wconf 79' lang='lat' dir='ltr'>ex</span> <span class='ocrx_word' id='word_1_203' title='bbox 714 2604 839 2659; x_wconf 84' lang='lat' dir='ltr'>praecipuis</span> <span class='ocrx_word' id='word_1_204' title='bbox 850 2603 910 2646; x_wconf 86' lang='lat' dir='ltr'>vobis</span> <span class='ocrx_word' id='word_1_205' title='bbox 921 2604 1015 2647; x_wconf 88' lang='lat' dir='ltr'>scribere</span> <span class='ocrx_word' id='word_1_206' title='bbox 1022 2603 1093 2645; x_wconf 89' lang='lat' dir='ltr'>latina</span> 
     </span>
     <span class='ocr_line' id='line_1_27' title="bbox 216 2669 859 2729; baseline 0 -15"><span class='ocrx_word' id='word_1_207' title='bbox 216 2669 293 2729; x_wconf 86' lang='lat' dir='ltr'>lingua</span> <span class='ocrx_word' id='word_1_208' title='bbox 304 2676 330 2714; x_wconf 88' lang='lat' dir='ltr'>ut</span> <span class='ocrx_word' id='word_1_209' title='bbox 340 2673 429 2715; x_wconf 82' lang='lat' dir='ltr'>facilius</span> <span class='ocrx_word' id='word_1_210' title='bbox 439 2672 543 2715; x_wconf 88' lang='lat' dir='ltr'>Patribus</span> <span class='ocrx_word' id='word_1_211' title='bbox 556 2674 651 2729; x_wconf 80' lang='lat' dir='ltr'>Capituli</span> <span class='ocrx_word' id='word_1_212' title='bbox 663 2675 859 2717; x_wconf 83' lang='lat' dir='ltr'>communicentur.</span> 
     </span>
    </p>

    <p class='ocr_par' dir='ltr' id='par_1_10' title="bbox 216 2743 1091 3152">
     <span class='ocr_line' id='line_1_28' title="bbox 261 2743 1091 2800; baseline 0.002 -15"><span class='ocrx_word' id='word_1_213' title='bbox 261 2743 368 2799; x_wconf 82' lang='lat' dir='ltr'>Inprimis</span> <span class='ocrx_word' id='word_1_214' title='bbox 393 2743 565 2786; x_wconf 81' lang='lat' dir='ltr'>fundamentum</span> <span class='ocrx_word' id='word_1_215' title='bbox 579 2745 648 2800; x_wconf 82' lang='lat' dir='ltr'>hujus</span> <span class='ocrx_word' id='word_1_216' title='bbox 663 2744 716 2787; x_wconf 89' lang='lat' dir='ltr'>belli</span> <span class='ocrx_word' id='word_1_217' title='bbox 732 2747 767 2787; x_wconf 89' lang='lat' dir='ltr'>est</span> <span class='ocrx_word' id='word_1_218' title='bbox 782 2743 915 2798; x_wconf 73' lang='lat' dir='ltr'>perversitas</span> <span class='ocrx_word' id='word_1_219' title='bbox 935 2743 1091 2787; x_wconf 89' lang='lat' dir='ltr'>Puritancrum</span> 
     </span>
     <span class='ocr_line' id='line_1_29' title="bbox 216 2812 1090 2870; baseline 0.002 -15"><span class='ocrx_word' id='word_1_220' title='bbox 216 2815 347 2870; x_wconf 85' lang='lat' dir='ltr'>parlamenti</span> <span class='ocrx_word' id='word_1_221' title='bbox 353 2813 474 2870; x_wconf 80' lang='lat' dir='ltr'>Anglicani</span> <span class='ocrx_word' id='word_1_222' title='bbox 484 2813 646 2869; x_wconf 85' lang='lat' dir='ltr'>quihumanam</span> <span class='ocrx_word' id='word_1_223' title='bbox 654 2818 676 2856; x_wconf 91' lang='lat' dir='ltr'>et</span> <span class='ocrx_word' id='word_1_224' title='bbox 685 2815 782 2856; x_wconf 77' lang='lat' dir='ltr'>divinam</span> <span class='ocrx_word' id='word_1_225' title='bbox 790 2812 930 2868; x_wconf 77' lang='lat' dir='ltr'>lllajestatem</span> <span class='ocrx_word' id='word_1_226' title='bbox 938 2813 1090 2869; x_wconf 79' lang='lat' dir='ltr'>despicientes,</span> 
     </span>
     <span class='ocr_line' id='line_1_30' title="bbox 217 2882 1090 2940; baseline 0.002 -15"><span class='ocrx_word' id='word_1_227' title='bbox 217 2884 333 2939; x_wconf 86' lang='lat' dir='ltr'>utriusque</span> <span class='ocrx_word' id='word_1_228' title='bbox 342 2885 423 2940; x_wconf 87' lang='lat' dir='ltr'>jugum</span> <span class='ocrx_word' id='word_1_229' title='bbox 434 2898 473 2940; x_wconf 90' lang='lat' dir='ltr'>per</span> <span class='ocrx_word' id='word_1_230' title='bbox 486 2897 527 2926; x_wconf 91' lang='lat' dir='ltr'>sua</span> <span class='ocrx_word' id='word_1_231' title='bbox 539 2883 608 2925; x_wconf 80' lang='lat' dir='ltr'>edicta</span> <span class='ocrx_word' id='word_1_232' title='bbox 619 2887 641 2925; x_wconf 93' lang='lat' dir='ltr'>et</span> <span class='ocrx_word' id='word_1_233' title='bbox 651 2884 735 2939; x_wconf 90' lang='lat' dir='ltr'>privata</span> <span class='ocrx_word' id='word_1_234' title='bbox 745 2882 844 2925; x_wconf 81' lang='lat' dir='ltr'>Ooncilia</span> <span class='ocrx_word' id='word_1_235' title='bbox 855 2887 954 2926; x_wconf 79' lang='lat' dir='ltr'>excutere</span> <span class='ocrx_word' id='word_1_236' title='bbox 963 2884 1090 2936; x_wconf 84' lang='lat' dir='ltr'>voluerunt;</span> 
     </span>
     <span class='ocr_line' id='line_1_31' title="bbox 217 2953 1091 3010; baseline 0.002 -15"><span class='ocrx_word' id='word_1_237' title='bbox 217 2957 239 2995; x_wconf 87' lang='lat' dir='ltr'>et</span> <span class='ocrx_word' id='word_1_238' title='bbox 247 2954 279 2995; x_wconf 89' lang='lat' dir='ltr'>ita</span> <span class='ocrx_word' id='word_1_239' title='bbox 286 2957 360 2996; x_wconf 90' lang='lat' dir='ltr'>contra</span> <span class='ocrx_word' id='word_1_240' title='bbox 370 2954 507 2997; x_wconf 79' lang='lat' dir='ltr'>Oathclicam</span> <span class='ocrx_word' id='word_1_241' title='bbox 517 2953 656 3010; x_wconf 81' lang='lat' dir='ltr'>Religionem</span> <span class='ocrx_word' id='word_1_242' title='bbox 663 2953 816 3009; x_wconf 82' lang='lat' dir='ltr'>conspirarunt</span> <span class='ocrx_word' id='word_1_243' title='bbox 826 2956 851 2996; x_wconf 93' lang='lat' dir='ltr'>ut</span> <span class='ocrx_word' id='word_1_244' title='bbox 860 2967 907 2996; x_wconf 89' lang='lat' dir='ltr'>eam</span> <span class='ocrx_word' id='word_1_245' title='bbox 916 2955 1016 2998; x_wconf 83' lang='lat' dir='ltr'>funditus</span> <span class='ocrx_word' id='word_1_246' title='bbox 1025 2956 1091 2997; x_wconf 81' lang='lat' dir='ltr'>extir-</span> 
     </span>
     <span class='ocr_line' id='line_1_32' title="bbox 216 3024 1091 3082; baseline 0.001 -16"><span class='ocrx_word' id='word_1_247' title='bbox 216 3038 269 3079; x_wconf 85' lang='lat' dir='ltr'>pare</span> <span class='ocrx_word' id='word_1_248' title='bbox 284 3024 308 3066; x_wconf 87' lang='lat' dir='ltr'>in</span> <span class='ocrx_word' id='word_1_249' title='bbox 319 3024 392 3068; x_wconf 88' lang='lat' dir='ltr'>tribus</span> <span class='ocrx_word' id='word_1_250' title='bbox 400 3025 491 3082; x_wconf 81' lang='lat' dir='ltr'>Regnis,</span> <span class='ocrx_word' id='word_1_251' title='bbox 503 3030 525 3069; x_wconf 89' lang='lat' dir='ltr'>et</span> <span class='ocrx_word' id='word_1_252' title='bbox 533 3029 630 3068; x_wconf 88' lang='lat' dir='ltr'>nontam</span> <span class='ocrx_word' id='word_1_253' title='bbox 639 3024 732 3067; x_wconf 82' lang='lat' dir='ltr'>illumin</span> <span class='ocrx_word' id='word_1_254' title='bbox 739 3028 815 3067; x_wconf 89' lang='lat' dir='ltr'>nostra</span> <span class='ocrx_word' id='word_1_255' title='bbox 821 3024 934 3079; x_wconf 79' lang='lat' dir='ltr'>Hybemia</span> <span class='ocrx_word' id='word_1_256' title='bbox 941 3025 978 3068; x_wconf 82' lang='lat' dir='ltr'>sed</span> <span class='ocrx_word' id='word_1_257' title='bbox 989 3028 1091 3068; x_wconf 88' lang='lat' dir='ltr'>ettotam</span> 
     </span>
     <span class='ocr_line' id='line_1_33' title="bbox 217 3095 1091 3152; baseline 0.003 -17"><span class='ocrx_word' id='word_1_258' title='bbox 217 3096 330 3138; x_wconf 91' lang='lat' dir='ltr'>nationem</span> <span class='ocrx_word' id='word_1_259' title='bbox 338 3097 467 3151; x_wconf 80' lang='lat' dir='ltr'>extinguere</span> <span class='ocrx_word' id='word_1_260' title='bbox 477 3097 620 3150; x_wconf 70' lang='lat' dir='ltr'>decreverint,</span> <span class='ocrx_word' id='word_1_261' title='bbox 626 3096 769 3140; x_wconf 88' lang='lat' dir='ltr'>aestimantes</span> <span class='ocrx_word' id='word_1_262' title='bbox 776 3095 893 3152; x_wconf 87' lang='lat' dir='ltr'>Hybernos</span> <span class='ocrx_word' id='word_1_263' title='bbox 901 3097 955 3144; x_wconf 75' lang='lat' dir='ltr'>aceo</span> <span class='ocrx_word' id='word_1_264' title='bbox 964 3100 1091 3140; x_wconf 83' lang='lat' dir='ltr'>constantes</span> 
     </span>
    </p>
   </div>
   <div class='ocr_carea' id='block_1_10' title="bbox 0 0 1212 3337">
    <p class='ocr_par' dir='ltr' id='par_1_11' title="bbox 0 0 1212 3337">
     <span class='ocr_line' id='line_1_34' title="bbox 0 0 1212 3337; baseline 0 1"><span class='ocrx_word' id='word_1_265' title='bbox 0 0 1212 3337; x_wconf 95' lang='lat' dir='ltr'> </span> 
     </span>
    </p>
   </div>
  </div>
 </body>
</html>
