2416 3337
454 192 597 224 srroraneruru
614 193 756 224 osseumrrsn.
994 182 1038 224 169

173 341 259 382 1111111.
270 343 291 381 11
299 339 375 380 1111111.
384 335 501 380 11111111
514 336 615 379 similiter
623 339 645 377 et
654 334 886 377 GeneralesOrdinum
894 335 1038 390 Regularium

171 412 270 453 scribant
277 410 304 451 ad
311 423 387 452 omnes
397 413 419 451 et
428 409 527 464 singulos
534 408 631 464 Reglres.
638 406 781 450 versantesin
788 406 903 457 Hibernia,
914 406 988 447 stricte
995 406 1040 448 illis

172 480 310 532 mandantes,
320 484 345 522 ut
353 480 469 523 observent
477 479 573 522 locorum
582 478 715 530 Ordinarios,
725 492 767 534 qua
775 492 814 533 par
822 481 862 529 est,
871 477 1010 519 veneratione
1018 480 1040 518 et

173 565 254 603 amore,
266 566 294 594 ne
306 552 494 595 susurrationibus
503 556 525 594 et
533 551 675 606 derogatoriis
691 548 831 606 opinionibus
842 553 941 591 avertant
952 548 1039 590 animos

172 626 194 665 et
203 622 376 666 benevolentiam
394 624 492 667 fidelium
512 638 525 666 a
542 624 587 666 suis
606 623 669 679 Epis.
687 626 709 664 et
726 620 830 663 Parochis
839 636 844 672 ;
862 635 890 662 ne
901 625 1039 676 exequantur

170 695 284 752 privilegia
302 696 373 748 dubia,
391 700 430 739 aut
441 697 538 748 obscura,
558 699 597 738 aut
615 695 713 752 litigiosa
732 708 782 735 cum
800 692 890 743 offensa,
903 692 990 743 damno,
1003 692 1037 736 vel

170 766 302 822 praejudicio
312 767 444 809 Ordinarior.
451 771 489 809 aut
497 766 655 818 Parochorum3
665 781 693 808 ne
700 769 842 822 praesumant
853 765 979 821 dispensare
988 779 1038 807 cum

170 837 284 880 catholicis
295 839 318 880 in
329 839 457 894 praeceptis,
469 839 504 881 vel
513 838 657 894 percipiendis
674 837 846 893 Ecclicisbonis
856 837 986 893 Episcopor.
999 841 1037 878 aut

170 907 288 950 Pastorum
306 908 433 950 Hierachici
444 909 545 960 Ordinis;
562 913 588 951 ut
604 910 725 965 postposito
736 909 832 964 partium
845 908 925 960 studio,
942 912 964 951 et
976 909 1037 951 omni

170 978 260 1020 animor.
273 977 436 1021 exacerbatione
452 978 549 1034 deposita
567 980 638 1021 vitent
656 994 733 1022 omnes
743 979 890 1021 contendendi
905 979 1036 1031 occasiones,

170 1049 365 1100 murmurationes,
383 1049 493 1103 obloquia,
512 1049 641 1105 scriptiones
658 1049 813 1099 amarulentas,
831 1049 945 1091 conciones
962 1049 1037 1091 sediti·

170 1134 228 1171 osas,
236 1124 264 1179 et
275 1120 372 1163 rixarum
379 1120 530 1172 incitamenta,
539 1134 566 1162 11
574 1120 633 1176 quod
643 1120 700 1162 alius
712 1120 818 1171 aedificat,
830 1119 886 1161 alius
898 1119 1004 1169 destruat,
1016 1122 1038 1161 et
1094 1146 1096 1149 <

172 1191 207 1247 qd.
220 1191 246 1233 ab
257 1206 301 1234 uno
312 1191 474 1247 redintegra-tur
485 1192 512 1235 ad
523 1192 635 1243 unionem,
648 1195 670 1234 11
682 1191 859 1234 communionem
870 1190 1036 1242 confovendam,

169 1262 195 1304 ab
203 1261 244 1304 alio
256 1262 400 1305 rescindatur.

153 1348 155 1351 ¹
211 1333 303 1389 Propter
310 1334 350 1375 has
357 1334 523 1385 aemulationes,
529 1334 688 1384 contentiones,
699 1337 720 1375 et
734 1336 812 1383 sectas,
821 1333 844 1374 11
852 1332 921 1383 fallor,
931 1332 1036 1388 permisit

168 1404 237 1456 Deus,
249 1405 272 1446 in
283 1419 376 1460 poenam
386 1407 470 1461 peccati
480 1406 622 1448 novissimam
634 1405 712 1448 exoriri
722 1405 898 1460 persecutionem
916 1404 939 1445 in
956 1418 1035 1446 011111

167 1475 274 1517 Ecclicos.
282 1475 349 1531 hujus
360 1476 439 1532 Regni,
452 1478 551 1533 quamvis
561 1476 691 1519 heterodoxi
700 1490 788 1518 causam
805 1475 925 1517 obtendant
941 1475 1035 1518 nimiam

167 1546 318 1602 publicitatem
327 1548 519 1600 communitatum,
530 1549 666 1598 concionum,
676 1548 801 1598 missarum,
811 1547 913 1597 musices,
926 1560 1034 1602 gramma·

167 1618 228 1669 11111,
237 1633 261 1660 11
270 1618 431 1674 Philosophiae,
441 1623 463 1661 et
473 1607 603 1676 Theologiae
611 1619 790 1675 praelectionum.
808 1617 873 1660 Unde
881 1618 983 1660 effectum
992 1623 1034 1669 est,

168 1689 201 1745 qd.
207 1689 391 1741 omuiaOratoria‚
396 1691 420 1731 in
423 1691 545 1746 praecipius
553 1690 693 1740 Civitatibus,
701 1692 722 1731 et
731 1688 821 1744 Oppidis
829 1687 897 1744 hujus
903 1687 976 1742 Regni
983 1689 1035 1731 fisco

167 1760 235 1817 Regis
246 1760 337 1812 addicta,
348 1761 544 1805 Franciscanorum
553 1763 632 1805 domus
640 1761 733 1804 Dublini
741 1760 787 1803 solo
796 1763 896 1814 aequata,
906 1764 928 1802 et
937 1760 1036 1817 supellex

167 1832 239 1875 ablata
246 1847 251 1883 ;
279 1834 448 1876 communitates
459 1838 508 1877 tum
525 1835 670 1890 Regularium
687 1838 736 1876 tum
748 1832 880 1875 secularium
893 1831 1035 1874 Sacerdotum

167 1902 284 1957 dissipatae
296 1903 347 1945 sint.
377 1904 444 1946 Faxit
454 1905 523 1957 Deus,
531 1909 556 1948 ut
566 1904 695 1947 nostramed
706 1903 777 1959 culpa,
789 1902 898 1945 acerbiora
909 1903 1036 1958 gravamina

167 1978 189 2016 et
195 1974 289 2030 rigidius
296 1989 401 2017 vexamen
410 1990 454 2018 non
461 1990 623 2031 promereamur
631 1991 636 2027 ;
650 1980 671 2017 et
678 1975 757 2017 Eoclia.
767 1974 899 2025 Orthodoxa,
912 1986 968 2027 quae
977 1973 1035 2029 apud

169 2058 209 2087 nos
230 2046 356 2088 reviviscere
375 2050 397 2088 et
417 2047 524 2102 paulatim
545 2061 650 2102 exurgere
661 2046 752 2096 videtur,
764 2044 910 2099 quorumdam
922 2044 1034 2087 indefessa

167 2116 319 2168 aemulatione,
332 2121 353 2158 et
364 2118 469 2173 turpicuh'
488 2122 578 2173 questus
594 2117 698 2159 aviditate
715 2130 758 2158 101
771 2116 935 2171 supprimatur:
950 2116 1032 2171 quibus

166 2187 231 2230 malis
242 2187 393 2230 obsistendum
403 2188 533 2231 conduceret
543 2188 652 2239 nonnihil,
665 2192 690 2230 ut
701 2187 810 2244 quispiam
819 2201 845 2228 ex
853 2187 916 2242 Epis.
926 2187 963 2242 qui
971 2201 1033 2230 nunc

166 2258 189 2299 in
200 2258 308 2300 Hibernia
318 2257 408 2314 degunt,
420 2258 503 2302 Nuncii
520 2258 599 2314 Apliei.
619 2258 695 2310 officio,
715 2261 737 2300 et
753 2260 861 2313 potestate
873 2256 900 2299 ad
910 2257 1033 2299 triennium

168 2328 246 2371 saltem
257 2329 393 2385 iungeretur.

213 2398 256 2441 sed
266 2413 346 2450 vereor,
356 2413 384 2442 ne
395 2398 502 2442 hactenus
512 2400 664 2456 longiusculus
673 2400 758 2450 fuerim,
768 2413 834 2456 quam
842 2399 966 2451 innumera,
978 2411 1033 2456 quae

167 2483 205 2512 vos
223 2460 378 2513 circumfluunt
396 2471 491 2527 negotia,
511 2471 633 2527 patiuntur.
666 2470 759 2513 Veniam
779 2470 854 2525 itaque
873 2469 946 2512 delicti
966 2471 1033 2513 enixe

168 2541 277 2598 deprecor,
290 2545 311 2584 et
321 2556 373 2598 rogo
391 2543 569 2599 Omnipotentem
588 2542 670 2594 Deum,
688 2546 713 2585 ut
727 2541 801 2597 Ampl.
811 2542 886 2584 Viam.
904 2541 1030 2584 diutissime

168 2612 301 2655 incolumem
310 2617 389 2656 servet.

215 2717 299 2760 Datum
309 2718 469 2762 Waterfordiae
480 2718 515 2762 die
527 2718 539 2761 6
549 2718 612 2770 Julii,
626 2719 692 2761 1630.

560 2838 601 2880 Fa.
619 2838 747 2888 Pars-rems,
759 2836 828 2892 Epus.
841 2832 999 2877 Wateriorden.

753 2922 775 2960 et
785 2906 938 2959 Lismorerisis.
