2416 3337
228 196 272 240 266
509 218 653 248 srrornnsrun
670 218 812 250 ossoarausn.

223 364 348 419 praesentis
358 365 410 408 belli
420 366 489 410 ullius
501 366 610 410 Catholici
621 367 666 411 sive
674 367 742 424 Angli
754 369 799 411 sive
809 367 909 424 Hyberni
920 367 1009 423 quinon
1020 366 1094 408 adver·

226 438 288 477 satur
306 435 358 480 huic
373 452 451 480 causae
468 437 577 481 bonorum
595 438 711 481 mobilium
727 439 760 482 vel
778 438 926 481 immobilium
944 437 1094 495 possessiones

226 507 353 562 spirituales
370 509 404 552 vel
421 509 555 566 temporalas
572 510 700 553 invaseram
718 513 740 552 et
757 510 857 553 detinent
874 508 1094 553 excommunicandos

225 592 282 632 esse,
299 584 364 635 prout
381 582 503 637 praesentis
521 581 603 623 decreti
620 584 695 622 tenore
713 583 936 633 excommunicamus,
953 582 997 624 nisi
1015 580 1094 624 moniti

224 650 361 706 resipiscant,
374 655 395 693 et
411 666 487 694 omnes
498 654 520 693 et
539 650 639 707 singulos
650 652 689 707 qui
704 651 728 693 in
739 657 853 708 posterum
868 652 921 693 talia
931 651 989 694 bona
1004 652 1093 694 mobilia

223 720 259 762 vel
287 721 414 773 immobilia,
437 721 588 777 possessiones
616 720 741 776 spirituales
762 721 797 764 vel
825 721 957 776 temporales
988 723 1093 765 invadent

223 794 262 832 aut
278 790 408 834 detinebunt
429 792 496 834 simili
513 805 606 834 censura
624 791 752 844 enodamus,
769 793 814 834 imo
833 806 870 835 eos
886 806 963 836 omnes
979 796 1001 835 et
1016 794 1093 849 singu-

221 860 255 903 los
265 862 304 917 qui
319 865 387 906 terras
398 866 437 905 aut
452 864 604 919 possessiones
620 862 752 905 detinebunt
767 867 843 907 contra
851 863 960 919 publicam
972 863 1092 906 authorita-

219 935 273 984 tem,
287 933 353 977 sicuti
364 938 385 977 et
402 948 478 977 corum
489 934 585 978 fautores
596 938 618 977 et
630 934 760 978 assistentes
772 938 795 977 et
811 934 933 991 specialiter
948 935 990 978 hac
1000 949 1092 978 censura

219 1003 356 1057 invadentes,
373 1005 507 1049 declaramus
524 1020 601 1048 omnes
623 1009 644 1048 et
666 1006 764 1062 singulos
782 1007 820 1063 qui
836 1007 916 1049 directe
935 1007 970 1049 vel
986 1007 1092 1049 indirecte

218 1075 338 1131 prohibent
349 1077 398 1120 dare
409 1090 488 1120 census
504 1090 544 1120 seu
555 1077 654 1120 redditus
662 1078 764 1133 praefatis
775 1078 940 1134 possessoribus
950 1079 978 1121 iis
994 1079 1031 1134 qui
1042 1093 1091 1134 pos-

220 1147 321 1190 siderunt
339 1148 366 1191 ad
380 1148 543 1191 inchoationem
553 1164 623 1205 usque
633 1149 755 1204 praesentis
765 1149 825 1200 belli,
838 1149 908 1205 etqui
923 1149 970 1191 sine
986 1150 1090 1192 facultate

218 1231 373 1272 possessorum
383 1220 461 1261 talium
470 1219 576 1274 colligunt
587 1223 625 1261 aut
635 1222 764 1274 extorquent
775 1218 875 1261 redditus
883 1222 921 1259 aut
929 1218 1089 1274 aequivalentia

219 1290 260 1331 sub
270 1294 382 1345 praetextu
394 1290 459 1332 dandi
470 1289 586 1341 militibus,
596 1293 633 1331 aut
644 1289 693 1331 aliis
704 1289 851 1332 attinentibus
863 1289 957 1332 subditis
969 1290 1089 1332 eorundem

217 1372 378 1413 possessorum.

262 1429 394 1473 blandamus
405 1430 482 1473 itidem
493 1431 596 1473 omnibus
604 1434 625 1473 et
633 1430 727 1487 singulis
736 1431 889 1475 ecclesiasticis
898 1434 944 1473 tam
952 1431 1089 1488 regularibus

216 1515 283 1557 quarn
295 1502 442 1545 saecularibus
456 1516 483 1544 ne
501 1502 677 1558 supradictorum
688 1503 928 1545 excommunicatorum
939 1503 1088 1547 confessiones

215 1572 313 1624 audiant,
323 1577 345 1616 et
355 1574 409 1629 ipsis
419 1576 556 1615 sacrosancta
565 1576 700 1615 sacramenta
709 1573 866 1616 administrent
875 1573 915 1616 sub
923 1587 994 1628 poena
1002 1587 1087 1616 excom·

215 1645 372 1688 municationis
381 1645 439 1687 latae
451 1644 581 1687 sententiae.

260 1716 398 1767 Homicidae,
433 1714 579 1765 mutilatores,
618 1729 694 1769 graves
730 1727 878 1770 percussores,
909 1715 969 1758 fures
1008 1716 1087 1772 injusti

216 1786 346 1842 spoliatores
366 1789 463 1841 raptores
479 1784 587 1827 bonorum
606 1799 786 1842 quorumcunque
811 1789 940 1836 extorsores,
968 1800 1086 1843 eorumque

215 1857 317 1899 omnium
332 1857 436 1908 fautores,
452 1857 574 1910 receptores
591 1858 613 1896 et
626 1868 756 1911 quocunqne
770 1855 838 1903 ¹modo
854 1855 984 1898 assistentes
1001 1870 1085 1899 excom-

215 1928 322 1971 municati
338 1931 389 1971 sunt
405 1930 427 1969 et
443 1927 643 1969 excommunicatos
658 1940 747 1968 esseae
762 1927 815 1977 fore,
833 1925 901 1968 donec
916 1927 1047 1982 resipiscant
1062 1932 1085 1970 et

213 1999 321 2055 condigne
338 1998 479 2049 satisfaciant,
495 1997 604 2048 volumus,
623 1996 740 2039 delinimus
755 2011 779 2039 ac
792 1996 926 2039 declaramus
941 2011 1008 2054 aeque
1024 2012 1049 2040 ac
1065 1999 1085 2041 si

211 2069 344 2112 nominatim
377 2067 460 2122 singuli
486 2067 681 2109 denuntiarentur:
709 2066 766 2109 circa
801 2067 975 2110 satisfactionem
1003 2068 1083 2111 talium

212 2142 331 2184 criminum
357 2140 464 2182 hactenus
490 2139 658 2181 commissorum
684 2138 848 2194 imponendam,
871 2139 890 2181 si
910 2152 955 2181 non
978 2140 1023 2183 sint
1043 2155 1083 2196 per

212 2226 306 2256 canones
322 2212 356 2255 vel
372 2214 456 2255 statuta
471 2211 614 2267 provincialia
629 2210 663 2253 vel
678 2210 806 2253 dioecesana
822 2210 934 2252 censurati
950 2211 998 2267 ipso
1016 2212 1081 2263 facto,

211 2284 339 2328 discretioni
367 2283 526 2327 ordinariorum
552 2287 574 2325 et
601 2282 784 2325 confessariorum
810 2281 955 2338 relinquimus
983 2283 1082 2339 ipsorum

211 2355 379 2398 absolutionem.

257 2424 358 2468 Artifices
369 2439 478 2468 armorum
489 2428 511 2468 et
521 2425 617 2481 pulveris
632 2425 771 2468 tormentarii
781 2424 870 2467 invitati
880 2424 913 2467 vel
929 2424 1038 2466 invitandi
1054 2424 1081 2467 ad

210 2501 310 2540 nostram
321 2496 414 2550 patriam
425 2497 519 2552 exempti
530 2498 575 2540 sint
586 2496 612 2539 ab
620 2496 801 2552 impositionibus
812 2499 834 2538 et
842 2494 985 2550 vectigalibus
996 2496 1052 2538 sicut
1059 2501 1081 2539 ct

210 2570 344 2612 mercatores
356 2565 515 2622 qualescunque
529 2569 687 2610 transferentes
695 2567 841 2610 conducentia
852 2569 941 2608 nostrae
953 2566 1080 2612 Catholicae

209 2653 288 2683 causae
300 2641 326 2681 ut
336 2652 395 2681 arma
410 2641 432 2680 et
442 2637 553 2693 pulverem
566 2639 736 2681 tormentarium
750 2639 819 2681 libere
835 2637 916 2693 absque
935 2638 1079 2695 vectigalibus

207 2726 246 2768 pro
258 2709 417 2753 transferendis
428 2708 455 2751 ad
468 2722 509 2751 nos
524 2714 562 2751 aut
572 2709 749 2765 transportandis
765 2709 793 2751 ad
805 2708 860 2751 alias
876 2708 976 2764 regiones
993 2710 1078 2753 anobis

207 2782 399 2826 commoditalibus
416 2781 440 2822 in
462 2781 656 2822 commutationem
673 2780 762 2822 illarum
779 2779 960 2823 commoditatum
982 2781 1076 2833 valeant,

206 2856 299 2898 durante
315 2853 357 2897 lroc
371 2853 436 2905 bello,
449 2856 471 2895 et
486 2850 561 2893 hocin
573 2851 666 2906 singulis
683 2850 807 2906 provinciis,
820 2850 945 2894 civitatibus
955 2867 979 2895 ac
990 2854 1077 2909 oppidis

205 2927 334 2970 declaretur.

252 2997 373 3040 Censemus
389 2995 526 3053 expedirent
543 2996 567 3037 in
583 2993 682 3050 proxima
698 2993 804 3036 nationali
820 2994 986 3051 congregatione
1001 2995 1076 3037 futura

206 3084 233 3112 ex
244 3070 300 3111 clero
309 3082 334 3110 ac
340 3069 458 3122 nobilibus,
466 3067 600 3124 deputentur
610 3065 689 3109 Nuntii
696 3066 784 3109 nomine
795 3067 864 3110 totius
872 3066 945 3123 Regni
953 3068 980 3110 ad
991 3066 1076 3122 Regem
