<?xml version="1.0" encoding="UTF-8"?>
<!DOCTYPE html PUBLIC "-//W3C//DTD XHTML 1.0 Transitional//EN"
    "http://www.w3.org/TR/xhtml1/DTD/xhtml1-transitional.dtd">
<html xmlns="http://www.w3.org/1999/xhtml" xml:lang="en" lang="en">
 <head>
  <title>
</title>
<meta http-equiv="Content-Type" content="text/html;charset=utf-8" />
  <meta name='ocr-system' content='tesseract 3.04.00' />
  <meta name='ocr-capabilities' content='ocr_page ocr_carea ocr_par ocr_line ocrx_word'/>
</head>
<body>
  <div class='ocr_page' id='page_1' title='image "MN5019ucmf_0_0124.png"; bbox 0 0 2416 3337; ppageno 0'>
   <div class='ocr_carea' id='block_1_1' title="bbox 428 162 1014 203">
    <p class='ocr_par' dir='ltr' id='par_1_1' title="bbox 428 162 1014 203">
     <span class='ocr_line' id='line_1_1' title="bbox 428 162 1014 203; baseline 0 0"><span class='ocrx_word' id='word_1_1' title='bbox 428 173 571 203; x_wconf 76' lang='lat' dir='ltr'>SPIOILEGIUM</span> <span class='ocrx_word' id='word_1_2' title='bbox 587 173 728 203; x_wconf 77' lang='lat' dir='ltr'>OSSORIENSE.</span> <span class='ocrx_word' id='word_1_3' title='bbox 987 162 1014 203; x_wconf 77' lang='grc'>93</span> 
     </span>
    </p>
   </div>
   <div class='ocr_carea' id='block_1_2' title="bbox 91 312 1056 3028">
    <p class='ocr_par' dir='ltr' id='par_1_2' title="bbox 94 312 1056 2467">
     <span class='ocr_line' id='line_1_2' title="bbox 148 312 1015 372; baseline -0.005 -10"><span class='ocrx_word' id='word_1_4' title='bbox 148 320 192 370; x_wconf 85' lang='lat' dir='ltr'>bat,</span> <span class='ocrx_word' id='word_1_5' title='bbox 200 324 223 361; x_wconf 93' lang='lat' dir='ltr'>et</span> <span class='ocrx_word' id='word_1_6' title='bbox 233 332 308 361; x_wconf 90' lang='lat' dir='ltr'>secum</span> <span class='ocrx_word' id='word_1_7' title='bbox 318 317 418 360; x_wconf 79' lang='lat' dir='ltr'>volvebat</span> <span class='ocrx_word' id='word_1_8' title='bbox 427 312 546 366; x_wconf 88' lang='lat' dir='ltr'>neminem,</span> <span class='ocrx_word' id='word_1_9' title='bbox 554 320 643 372; x_wconf 87' lang='lat' dir='ltr'>propter</span> <span class='ocrx_word' id='word_1_10' title='bbox 652 329 733 372; x_wconf 86' lang='lat' dir='ltr'>poenas</span> <span class='ocrx_word' id='word_1_11' title='bbox 744 316 872 371; x_wconf 77' lang='lat' dir='ltr'>corporales,</span> <span class='ocrx_word' id='word_1_12' title='bbox 881 315 914 357; x_wconf 86' lang='lat' dir='ltr'>vel</span> <span class='ocrx_word' id='word_1_13' title='bbox 923 321 1015 358; x_wconf 84' lang='lat' dir='ltr'>mortem</span> 
     </span>
     <span class='ocr_line' id='line_1_3' title="bbox 148 386 1015 446; baseline -0.005 -15"><span class='ocrx_word' id='word_1_14' title='bbox 148 391 219 446; x_wconf 82' lang='lat' dir='ltr'>ipsam</span> <span class='ocrx_word' id='word_1_15' title='bbox 239 387 399 443; x_wconf 79' lang='lat' dir='ltr'>segregandum</span> <span class='ocrx_word' id='word_1_16' title='bbox 414 400 461 429; x_wconf 86' lang='lat' dir='ltr'>esse</span> <span class='ocrx_word' id='word_1_17' title='bbox 478 401 490 428; x_wconf 88' lang='lat' dir='ltr'>a</span> <span class='ocrx_word' id='word_1_18' title='bbox 505 386 545 429; x_wconf 88' lang='lat' dir='ltr'>tali</span> <span class='ocrx_word' id='word_1_19' title='bbox 560 391 583 428; x_wconf 92' lang='lat' dir='ltr'>et</span> <span class='ocrx_word' id='word_1_20' title='bbox 597 390 644 428; x_wconf 87' lang='lat' dir='ltr'>tam</span> <span class='ocrx_word' id='word_1_21' title='bbox 660 386 733 428; x_wconf 82' lang='lat' dir='ltr'>divino</span> <span class='ocrx_word' id='word_1_22' title='bbox 750 386 867 436; x_wconf 87' lang='lat' dir='ltr'>consortio,</span> <span class='ocrx_word' id='word_1_23' title='bbox 879 399 958 441; x_wconf 85' lang='lat' dir='ltr'>nempe</span> <span class='ocrx_word' id='word_1_24' title='bbox 974 386 1015 427; x_wconf 87' lang='lat' dir='ltr'>Dei</span> 
     </span>
     <span class='ocr_line' id='line_1_4' title="bbox 148 454 1015 512; baseline -0.003 -12"><span class='ocrx_word' id='word_1_25' title='bbox 148 457 307 512; x_wconf 89' lang='lat' dir='ltr'>omnipotentis</span> <span class='ocrx_word' id='word_1_26' title='bbox 326 457 424 507; x_wconf 73' lang='lat' dir='ltr'>maximi,</span> <span class='ocrx_word' id='word_1_27' title='bbox 436 456 471 498; x_wconf 90' lang='grc'>111</span> <span class='ocrx_word' id='word_1_28' title='bbox 489 456 570 507; x_wconf 87' lang='lat' dir='ltr'>omnia,</span> <span class='ocrx_word' id='word_1_29' title='bbox 590 459 637 498; x_wconf 87' lang='lat' dir='ltr'>tam</span> <span class='ocrx_word' id='word_1_30' title='bbox 647 454 751 506; x_wconf 83' lang='lat' dir='ltr'>humana,</span> <span class='ocrx_word' id='word_1_31' title='bbox 763 469 830 511; x_wconf 88' lang='lat' dir='ltr'>quam</span> <span class='ocrx_word' id='word_1_32' title='bbox 847 455 921 498; x_wconf 87' lang='lat' dir='ltr'>divina</span> <span class='ocrx_word' id='word_1_33' title='bbox 931 458 1015 510; x_wconf 83' lang='lat' dir='ltr'>patent,</span> 
     </span>
     <span class='ocr_line' id='line_1_5' title="bbox 148 517 1016 583; baseline -0.002 -14"><span class='ocrx_word' id='word_1_34' title='bbox 148 528 274 583; x_wconf 85' lang='lat' dir='ltr'>dicebatque</span> <span class='ocrx_word' id='word_1_35' title='bbox 289 527 399 578; x_wconf 86' lang='lat' dir='ltr'>omnibus,</span> <span class='ocrx_word' id='word_1_36' title='bbox 416 541 464 569; x_wconf 86' lang='lat' dir='ltr'>mea</span> <span class='ocrx_word' id='word_1_37' title='bbox 482 526 540 568; x_wconf 88' lang='lat' dir='ltr'>nihil</span> <span class='ocrx_word' id='word_1_38' title='bbox 554 517 647 569; x_wconf 85' lang='lat' dir='ltr'>interest</span> <span class='ocrx_word' id='word_1_39' title='bbox 662 526 766 582; x_wconf 86' lang='lat' dir='ltr'>quicquid</span> <span class='ocrx_word' id='word_1_40' title='bbox 782 526 808 568; x_wconf 91' lang='lat' dir='ltr'>de</span> <span class='ocrx_word' id='word_1_41' title='bbox 823 526 912 568; x_wconf 91' lang='lat' dir='ltr'>mortali</span> <span class='ocrx_word' id='word_1_42' title='bbox 928 539 1016 581; x_wconf 86' lang='lat' dir='ltr'>corpore</span> 
     </span>
     <span class='ocr_line' id='line_1_6' title="bbox 147 597 1016 641; baseline -0.002 -1"><span class='ocrx_word' id='word_1_43' title='bbox 147 598 242 640; x_wconf 85' lang='lat' dir='ltr'>feceritis</span> <span class='ocrx_word' id='word_1_44' title='bbox 253 612 303 640; x_wconf 89' lang='lat' dir='ltr'>cum</span> <span class='ocrx_word' id='word_1_45' title='bbox 318 612 379 641; x_wconf 89' lang='lat' dir='ltr'>meae</span> <span class='ocrx_word' id='word_1_46' title='bbox 391 598 523 640; x_wconf 88' lang='lat' dir='ltr'>amittendae</span> <span class='ocrx_word' id='word_1_47' title='bbox 540 597 625 640; x_wconf 88' lang='lat' dir='ltr'>animae</span> <span class='ocrx_word' id='word_1_48' title='bbox 636 612 648 639; x_wconf 92' lang='lat' dir='ltr'>a</span> <span class='ocrx_word' id='word_1_49' title='bbox 660 597 751 639; x_wconf 76' lang='lat' dir='ltr'>Summo</span> <span class='ocrx_word' id='word_1_50' title='bbox 762 597 809 638; x_wconf 90' lang='lat' dir='ltr'>Deo</span> <span class='ocrx_word' id='word_1_51' title='bbox 820 597 881 639; x_wconf 88' lang='lat' dir='ltr'>nulla</span> <span class='ocrx_word' id='word_1_52' title='bbox 891 597 953 639; x_wconf 78' lang='lat' dir='ltr'>uobis</span> <span class='ocrx_word' id='word_1_53' title='bbox 966 597 1016 638; x_wconf 74' lang='lat' dir='ltr'>(lata</span> 
     </span>
     <span class='ocr_line' id='line_1_7' title="bbox 148 667 1015 725; baseline 0 -15"><span class='ocrx_word' id='word_1_54' title='bbox 148 668 177 710; x_wconf 85' lang='lat' dir='ltr'>sit</span> <span class='ocrx_word' id='word_1_55' title='bbox 187 673 291 724; x_wconf 86' lang='lat' dir='ltr'>potestas.</span> <span class='ocrx_word' id='word_1_56' title='bbox 318 669 361 711; x_wconf 88' lang='lat' dir='ltr'>His</span> <span class='ocrx_word' id='word_1_57' title='bbox 372 669 472 724; x_wconf 83' lang='lat' dir='ltr'>peractis,</span> <span class='ocrx_word' id='word_1_58' title='bbox 490 669 571 710; x_wconf 88' lang='lat' dir='ltr'>iterum</span> <span class='ocrx_word' id='word_1_59' title='bbox 581 669 603 710; x_wconf 86' lang='lat' dir='ltr'>in</span> <span class='ocrx_word' id='word_1_60' title='bbox 616 668 752 725; x_wconf 82' lang='lat' dir='ltr'>ergastulum</span> <span class='ocrx_word' id='word_1_61' title='bbox 763 667 866 710; x_wconf 87' lang='lat' dir='ltr'>detrusus</span> <span class='ocrx_word' id='word_1_62' title='bbox 877 667 926 718; x_wconf 84' lang='lat' dir='ltr'>fuit,</span> <span class='ocrx_word' id='word_1_63' title='bbox 939 668 962 709; x_wconf 88' lang='lat' dir='ltr'>in</span> <span class='ocrx_word' id='word_1_64' title='bbox 974 682 1015 723; x_wconf 83' lang='lat' dir='ltr'>quo</span> 
     </span>
     <span class='ocr_line' id='line_1_8' title="bbox 147 737 1014 794; baseline -0.003 -13"><span class='ocrx_word' id='word_1_65' title='bbox 147 738 215 781; x_wconf 78' lang='lat' dir='ltr'>divini</span> <span class='ocrx_word' id='word_1_66' title='bbox 225 739 324 781; x_wconf 89' lang='lat' dir='ltr'>numinis</span> <span class='ocrx_word' id='word_1_67' title='bbox 335 753 387 781; x_wconf 88' lang='lat' dir='ltr'>aura</span> <span class='ocrx_word' id='word_1_68' title='bbox 398 739 482 781; x_wconf 85' lang='lat' dir='ltr'>favente</span> <span class='ocrx_word' id='word_1_69' title='bbox 494 738 629 794; x_wconf 83' lang='lat' dir='ltr'>aliorumque</span> <span class='ocrx_word' id='word_1_70' title='bbox 641 738 805 781; x_wconf 72' lang='lat' dir='ltr'>Catholicorum</span> <span class='ocrx_word' id='word_1_71' title='bbox 816 737 905 779; x_wconf 76' lang='lat' dir='ltr'>solertia</span> <span class='ocrx_word' id='word_1_72' title='bbox 919 738 1014 779; x_wconf 71' lang='lat' dir='ltr'>manime</span> 
     </span>
     <span class='ocr_line' id='line_1_9' title="bbox 146 807 1014 864; baseline 0.001 -15"><span class='ocrx_word' id='word_1_73' title='bbox 146 808 259 863; x_wconf 80' lang='lat' dir='ltr'>cujusdam</span> <span class='ocrx_word' id='word_1_74' title='bbox 274 809 306 864; x_wconf 87' lang='lat' dir='ltr'>pii</span> <span class='ocrx_word' id='word_1_75' title='bbox 322 809 445 858; x_wconf 85' lang='lat' dir='ltr'>sacerdotis,</span> <span class='ocrx_word' id='word_1_76' title='bbox 467 808 506 863; x_wconf 85' lang='lat' dir='ltr'>qui</span> <span class='ocrx_word' id='word_1_77' title='bbox 521 811 607 850; x_wconf 87' lang='lat' dir='ltr'>mutato</span> <span class='ocrx_word' id='word_1_78' title='bbox 622 807 700 850; x_wconf 83' lang='lat' dir='ltr'>habitu</span> <span class='ocrx_word' id='word_1_79' title='bbox 718 807 781 850; x_wconf 88' lang='lat' dir='ltr'>illum</span> <span class='ocrx_word' id='word_1_80' title='bbox 797 810 864 850; x_wconf 88' lang='lat' dir='ltr'>noctu</span> <span class='ocrx_word' id='word_1_81' title='bbox 882 807 959 849; x_wconf 89' lang='lat' dir='ltr'>invisit</span> <span class='ocrx_word' id='word_1_82' title='bbox 980 808 1014 850; x_wconf 89' lang='lat' dir='ltr'>cui</span> 
     </span>
     <span class='ocr_line' id='line_1_10' title="bbox 146 877 1011 933; baseline 0.002 -16"><span class='ocrx_word' id='word_1_83' title='bbox 146 879 206 918; x_wconf 88' lang='lat' dir='ltr'>omni</span> <span class='ocrx_word' id='word_1_84' title='bbox 215 877 328 932; x_wconf 83' lang='lat' dir='ltr'>religionis</span> <span class='ocrx_word' id='word_1_85' title='bbox 339 877 400 919; x_wconf 79' lang='grc'>11111</span> <span class='ocrx_word' id='word_1_86' title='bbox 411 877 479 918; x_wconf 90' lang='lat' dir='ltr'>animi</span> <span class='ocrx_word' id='word_1_87' title='bbox 496 877 570 920; x_wconf 86' lang='lat' dir='ltr'>sordes</span> <span class='ocrx_word' id='word_1_88' title='bbox 581 878 690 933; x_wconf 75' lang='lat' dir='ltr'>expiavit,</span> <span class='ocrx_word' id='word_1_89' title='bbox 707 891 758 920; x_wconf 90' lang='lat' dir='ltr'>cum</span> <span class='ocrx_word' id='word_1_90' title='bbox 767 878 907 920; x_wconf 78' lang='lat' dir='ltr'>veneratione</span> <span class='ocrx_word' id='word_1_91' title='bbox 922 877 1011 919; x_wconf 83' lang='lat' dir='ltr'>Eucha-</span> 
     </span>
     <span class='ocr_line' id='line_1_11' title="bbox 144 944 1013 1002; baseline 0.002 -16"><span class='ocrx_word' id='word_1_92' title='bbox 144 946 219 987; x_wconf 85' lang='lat' dir='ltr'>ristiae</span> <span class='ocrx_word' id='word_1_93' title='bbox 236 945 401 988; x_wconf 68' lang='lat' dir='ltr'>Sacramentum</span> <span class='ocrx_word' id='word_1_94' title='bbox 417 944 443 986; x_wconf 88' lang='lat' dir='ltr'>ab</span> <span class='ocrx_word' id='word_1_95' title='bbox 459 945 535 987; x_wconf 85' lang='lat' dir='ltr'>eodem</span> <span class='ocrx_word' id='word_1_96' title='bbox 552 946 661 988; x_wconf 88' lang='lat' dir='ltr'>sacerdote</span> <span class='ocrx_word' id='word_1_97' title='bbox 678 948 779 1001; x_wconf 86' lang='lat' dir='ltr'>sumpsit,</span> <span class='ocrx_word' id='word_1_98' title='bbox 797 947 835 1002; x_wconf 87' lang='lat' dir='ltr'>qui</span> <span class='ocrx_word' id='word_1_99' title='bbox 851 947 928 988; x_wconf 89' lang='lat' dir='ltr'>multis</span> <span class='ocrx_word' id='word_1_100' title='bbox 945 948 1013 988; x_wconf 88' lang='lat' dir='ltr'>animi</span> 
     </span>
     <span class='ocr_line' id='line_1_12' title="bbox 145 1013 1056 1071; baseline 0.001 -15"><span class='ocrx_word' id='word_1_101' title='bbox 145 1014 262 1065; x_wconf 86' lang='lat' dir='ltr'>doloribus,</span> <span class='ocrx_word' id='word_1_102' title='bbox 275 1014 295 1056; x_wconf 89' lang='lat' dir='ltr'>ei</span> <span class='ocrx_word' id='word_1_103' title='bbox 313 1014 441 1064; x_wconf 75' lang='lat' dir='ltr'>valedicens,</span> <span class='ocrx_word' id='word_1_104' title='bbox 454 1013 562 1064; x_wconf 87' lang='lat' dir='ltr'>discessit,</span> <span class='ocrx_word' id='word_1_105' title='bbox 575 1018 596 1056; x_wconf 89' lang='lat' dir='ltr'>et</span> <span class='ocrx_word' id='word_1_106' title='bbox 613 1015 673 1057; x_wconf 88' lang='lat' dir='ltr'>haud</span> <span class='ocrx_word' id='word_1_107' title='bbox 687 1016 758 1057; x_wconf 89' lang='lat' dir='ltr'>multo</span> <span class='ocrx_word' id='word_1_108' title='bbox 773 1018 831 1070; x_wconf 81' lang='lat' dir='ltr'>post,</span> <span class='ocrx_word' id='word_1_109' title='bbox 843 1015 948 1057; x_wconf 84' lang='lat' dir='ltr'>haeretici</span> <span class='ocrx_word' id='word_1_110' title='bbox 962 1030 1012 1058; x_wconf 87' lang='lat' dir='ltr'>con·</span> <span class='ocrx_word' id='word_1_111' title='bbox 1051 1065 1056 1071; x_wconf 69' lang='lat'><em>„</em></span> 
     </span>
     <span class='ocr_line' id='line_1_13' title="bbox 144 1083 1013 1139; baseline 0 -13"><span class='ocrx_word' id='word_1_112' title='bbox 144 1084 298 1126; x_wconf 79' lang='lat' dir='ltr'>flati--mixtis</span> <span class='ocrx_word' id='word_1_113' title='bbox 315 1083 434 1125; x_wconf 80' lang='lat' dir='ltr'>Catholicis</span> <span class='ocrx_word' id='word_1_114' title='bbox 445 1084 623 1139; x_wconf 77' lang='lat' dir='ltr'>incognitis-ad</span> <span class='ocrx_word' id='word_1_115' title='bbox 633 1098 728 1126; x_wconf 75' lang='lat' dir='ltr'>carceres</span> <span class='ocrx_word' id='word_1_116' title='bbox 740 1084 853 1134; x_wconf 85' lang='lat' dir='ltr'>accedunt,</span> <span class='ocrx_word' id='word_1_117' title='bbox 864 1085 954 1126; x_wconf 81' lang='lat' dir='ltr'>fratrem</span> <span class='ocrx_word' id='word_1_118' title='bbox 965 1099 1013 1126; x_wconf 86' lang='lat' dir='ltr'>cus-</span> 
     </span>
     <span class='ocr_line' id='line_1_14' title="bbox 143 1153 1013 1209; baseline -0.001 -13"><span class='ocrx_word' id='word_1_119' title='bbox 143 1153 202 1196; x_wconf 82' lang='lat' dir='ltr'>todia</span> <span class='ocrx_word' id='word_1_120' title='bbox 220 1153 318 1196; x_wconf 86' lang='lat' dir='ltr'>educunt</span> <span class='ocrx_word' id='word_1_121' title='bbox 337 1157 359 1196; x_wconf 88' lang='lat' dir='ltr'>et</span> <span class='ocrx_word' id='word_1_122' title='bbox 373 1153 475 1195; x_wconf 82' lang='lat' dir='ltr'>manibus</span> <span class='ocrx_word' id='word_1_123' title='bbox 492 1167 505 1194; x_wconf 86' lang='lat' dir='ltr'>a</span> <span class='ocrx_word' id='word_1_124' title='bbox 519 1157 581 1209; x_wconf 78' lang='lat' dir='ltr'>tergo</span> <span class='ocrx_word' id='word_1_125' title='bbox 596 1154 685 1204; x_wconf 84' lang='lat' dir='ltr'>vinetis,</span> <span class='ocrx_word' id='word_1_126' title='bbox 702 1154 768 1196; x_wconf 89' lang='lat' dir='ltr'>tacita</span> <span class='ocrx_word' id='word_1_127' title='bbox 788 1153 895 1196; x_wconf 88' lang='lat' dir='ltr'>bonorum</span> <span class='ocrx_word' id='word_1_128' title='bbox 914 1154 1013 1196; x_wconf 87' lang='lat' dir='ltr'>omnium</span> 
     </span>
     <span class='ocr_line' id='line_1_15' title="bbox 142 1224 1012 1280; baseline 0.001 -15"><span class='ocrx_word' id='word_1_129' title='bbox 142 1224 242 1266; x_wconf 85' lang='lat' dir='ltr'>mesticia</span> <span class='ocrx_word' id='word_1_130' title='bbox 263 1224 377 1280; x_wconf 80' lang='lat' dir='ltr'>alligatum</span> <span class='ocrx_word' id='word_1_131' title='bbox 402 1224 428 1266; x_wconf 87' lang='lat' dir='ltr'>ad</span> <span class='ocrx_word' id='word_1_132' title='bbox 449 1224 499 1279; x_wconf 85' lang='lat' dir='ltr'>equi</span> <span class='ocrx_word' id='word_1_133' title='bbox 520 1224 611 1266; x_wconf 85' lang='lat' dir='ltr'>caudam</span> <span class='ocrx_word' id='word_1_134' title='bbox 632 1225 671 1280; x_wconf 86' lang='lat' dir='ltr'>per</span> <span class='ocrx_word' id='word_1_135' title='bbox 688 1224 771 1279; x_wconf 88' lang='lat' dir='ltr'>plateas</span> <span class='ocrx_word' id='word_1_136' title='bbox 793 1224 889 1273; x_wconf 79' lang='lat' dir='ltr'>civitatis</span> <span class='ocrx_word' id='word_1_137' title='bbox 912 1225 1012 1266; x_wconf 82' lang='lat' dir='ltr'>trahunt.</span> 
     </span>
     <span class='ocr_line' id='line_1_16' title="bbox 142 1293 1013 1349; baseline 0.001 -15"><span class='ocrx_word' id='word_1_138' title='bbox 142 1293 189 1344; x_wconf 84' lang='lat' dir='ltr'>Ille,</span> <span class='ocrx_word' id='word_1_139' title='bbox 206 1307 263 1344; x_wconf 81' lang='lat' dir='ltr'>vero,</span> <span class='ocrx_word' id='word_1_140' title='bbox 280 1307 325 1335; x_wconf 90' lang='lat' dir='ltr'>non</span> <span class='ocrx_word' id='word_1_141' title='bbox 340 1297 429 1335; x_wconf 85' lang='lat' dir='ltr'>tantum</span> <span class='ocrx_word' id='word_1_142' title='bbox 449 1307 547 1335; x_wconf 89' lang='lat' dir='ltr'>moerore</span> <span class='ocrx_word' id='word_1_143' title='bbox 564 1297 672 1349; x_wconf 85' lang='lat' dir='ltr'>quantum</span> <span class='ocrx_word' id='word_1_144' title='bbox 690 1294 775 1336; x_wconf 88' lang='lat' dir='ltr'>laetitia</span> <span class='ocrx_word' id='word_1_145' title='bbox 790 1294 889 1344; x_wconf 81' lang='lat' dir='ltr'>affectus,</span> <span class='ocrx_word' id='word_1_146' title='bbox 902 1294 1013 1336; x_wconf 86' lang='lat' dir='ltr'>canticum</span> 
     </span>
     <span class='ocr_line' id='line_1_17' title="bbox 141 1363 1012 1415; baseline 0.001 -10"><span class='ocrx_word' id='word_1_147' title='bbox 141 1363 202 1415; x_wconf 83' lang='lat' dir='ltr'>illud,</span> <span class='ocrx_word' id='word_1_148' title='bbox 226 1363 279 1405; x_wconf 81' lang='lat' dir='ltr'>“Te</span> <span class='ocrx_word' id='word_1_149' title='bbox 298 1364 370 1405; x_wconf 89' lang='lat' dir='ltr'>Deum</span> <span class='ocrx_word' id='word_1_150' title='bbox 387 1364 539 1414; x_wconf 84' lang='lat' dir='ltr'>Laudamus,&#39;’</span> <span class='ocrx_word' id='word_1_151' title='bbox 559 1364 632 1406; x_wconf 74' lang='lat' dir='ltr'>divino</span> <span class='ocrx_word' id='word_1_152' title='bbox 648 1363 717 1405; x_wconf 88' lang='lat' dir='ltr'>animi</span> <span class='ocrx_word' id='word_1_153' title='bbox 740 1364 816 1406; x_wconf 86' lang='lat' dir='ltr'>ardore</span> <span class='ocrx_word' id='word_1_154' title='bbox 838 1365 936 1414; x_wconf 84' lang='lat' dir='ltr'>canebat,</span> <span class='ocrx_word' id='word_1_155' title='bbox 956 1365 1012 1407; x_wconf 75' lang='lat' dir='ltr'>fusis</span> 
     </span>
     <span class='ocr_line' id='line_1_18' title="bbox 142 1433 1011 1489; baseline 0.002 -15"><span class='ocrx_word' id='word_1_156' title='bbox 142 1433 305 1475; x_wconf 76' lang='lat' dir='ltr'>Catholicorum</span> <span class='ocrx_word' id='word_1_157' title='bbox 320 1434 416 1475; x_wconf 86' lang='lat' dir='ltr'>ubertim</span> <span class='ocrx_word' id='word_1_158' title='bbox 436 1434 561 1488; x_wconf 68' lang='lat' dir='ltr'>lachrymis,</span> <span class='ocrx_word' id='word_1_159' title='bbox 579 1435 632 1476; x_wconf 90' lang='lat' dir='ltr'>dum</span> <span class='ocrx_word' id='word_1_160' title='bbox 648 1435 707 1475; x_wconf 88' lang='lat' dir='ltr'>enim</span> <span class='ocrx_word' id='word_1_161' title='bbox 727 1434 812 1489; x_wconf 90' lang='lat' dir='ltr'>rapitur</span> <span class='ocrx_word' id='word_1_162' title='bbox 833 1434 861 1476; x_wconf 88' lang='lat' dir='ltr'>ad</span> <span class='ocrx_word' id='word_1_163' title='bbox 878 1435 1011 1489; x_wconf 88' lang='lat' dir='ltr'>supplicium</span> 
     </span>
     <span class='ocr_line' id='line_1_19' title="bbox 141 1503 1009 1559; baseline 0.002 -14"><span class='ocrx_word' id='word_1_164' title='bbox 141 1504 251 1545; x_wconf 78' lang='lat' dir='ltr'>exanimo</span> <span class='ocrx_word' id='word_1_165' title='bbox 263 1503 397 1558; x_wconf 80' lang='lat' dir='ltr'>efflagitabat</span> <span class='ocrx_word' id='word_1_166' title='bbox 415 1504 502 1553; x_wconf 85' lang='lat' dir='ltr'>amicos,</span> <span class='ocrx_word' id='word_1_167' title='bbox 515 1509 541 1545; x_wconf 90' lang='lat' dir='ltr'>ut</span> <span class='ocrx_word' id='word_1_168' title='bbox 558 1504 601 1557; x_wconf 90' lang='lat' dir='ltr'>ipsi</span> <span class='ocrx_word' id='word_1_169' title='bbox 619 1504 646 1545; x_wconf 86' lang='lat' dir='ltr'>ab</span> <span class='ocrx_word' id='word_1_170' title='bbox 656 1504 771 1546; x_wconf 82' lang='lat' dir='ltr'>haereticis</span> <span class='ocrx_word' id='word_1_171' title='bbox 787 1504 930 1559; x_wconf 80' lang='lat' dir='ltr'>impetrarent</span> <span class='ocrx_word' id='word_1_172' title='bbox 947 1509 971 1547; x_wconf 90' lang='lat' dir='ltr'>ut</span> <span class='ocrx_word' id='word_1_173' title='bbox 993 1505 1009 1547; x_wconf 90' lang='lat' dir='ltr'>l.</span> 
     </span>
     <span class='ocr_line' id='line_1_20' title="bbox 94 1565 1009 1629; baseline 0.003 -15"><span class='ocrx_word' id='word_1_174' title='bbox 94 1565 95 1568; x_wconf 26' lang='lat'>¹</span> <span class='ocrx_word' id='word_1_175' title='bbox 140 1573 253 1616; x_wconf 83' lang='lat' dir='ltr'>Francisci</span> <span class='ocrx_word' id='word_1_176' title='bbox 263 1573 340 1616; x_wconf 86' lang='lat' dir='ltr'>habitu</span> <span class='ocrx_word' id='word_1_177' title='bbox 348 1573 440 1616; x_wconf 89' lang='lat' dir='ltr'>indutus</span> <span class='ocrx_word' id='word_1_178' title='bbox 448 1573 546 1629; x_wconf 88' lang='lat' dir='ltr'>patibulo</span> <span class='ocrx_word' id='word_1_179' title='bbox 555 1573 685 1628; x_wconf 83' lang='lat' dir='ltr'>affigeretur,</span> <span class='ocrx_word' id='word_1_180' title='bbox 694 1575 736 1628; x_wconf 72' lang='lat' dir='ltr'>quia</span> <span class='ocrx_word' id='word_1_181' title='bbox 744 1574 892 1628; x_wconf 80' lang='lat' dir='ltr'>postulatione</span> <span class='ocrx_word' id='word_1_182' title='bbox 900 1576 1009 1627; x_wconf 76' lang='lat' dir='ltr'>concessa,</span> 
     </span>
     <span class='ocr_line' id='line_1_21' title="bbox 140 1642 1011 1699; baseline 0.002 -15"><span class='ocrx_word' id='word_1_183' title='bbox 140 1643 186 1685; x_wconf 90' lang='lat' dir='ltr'>risu</span> <span class='ocrx_word' id='word_1_184' title='bbox 202 1644 296 1698; x_wconf 84' lang='lat' dir='ltr'>quodam</span> <span class='ocrx_word' id='word_1_185' title='bbox 312 1642 416 1685; x_wconf 87' lang='lat' dir='ltr'>haeretici</span> <span class='ocrx_word' id='word_1_186' title='bbox 431 1643 487 1684; x_wconf 86' lang='lat' dir='ltr'>moti</span> <span class='ocrx_word' id='word_1_187' title='bbox 504 1643 528 1684; x_wconf 89' lang='lat' dir='ltr'>in</span> <span class='ocrx_word' id='word_1_188' title='bbox 544 1642 619 1685; x_wconf 85' lang='lat' dir='ltr'>odium</span> <span class='ocrx_word' id='word_1_189' title='bbox 637 1642 733 1694; x_wconf 84' lang='lat' dir='ltr'>habitus,</span> <span class='ocrx_word' id='word_1_190' title='bbox 746 1643 885 1685; x_wconf 83' lang='lat' dir='ltr'>carnificibus</span> <span class='ocrx_word' id='word_1_191' title='bbox 902 1644 1011 1699; x_wconf 86' lang='lat' dir='ltr'>imperant</span> 
     </span>
     <span class='ocr_line' id='line_1_22' title="bbox 140 1713 1011 1770; baseline 0.001 -15"><span class='ocrx_word' id='word_1_192' title='bbox 140 1713 203 1756; x_wconf 86' lang='lat' dir='ltr'>illum</span> <span class='ocrx_word' id='word_1_193' title='bbox 214 1728 258 1756; x_wconf 89' lang='lat' dir='ltr'>una</span> <span class='ocrx_word' id='word_1_194' title='bbox 270 1729 320 1757; x_wconf 90' lang='lat' dir='ltr'>cum</span> <span class='ocrx_word' id='word_1_195' title='bbox 330 1714 409 1756; x_wconf 85' lang='lat' dir='ltr'>habitu</span> <span class='ocrx_word' id='word_1_196' title='bbox 419 1714 479 1769; x_wconf 77' lang='lat' dir='ltr'>ligno</span> <span class='ocrx_word' id='word_1_197' title='bbox 490 1713 583 1769; x_wconf 80' lang='lat' dir='ltr'>affigere,</span> <span class='ocrx_word' id='word_1_198' title='bbox 594 1727 646 1756; x_wconf 88' lang='lat' dir='ltr'>nam</span> <span class='ocrx_word' id='word_1_199' title='bbox 657 1714 688 1755; x_wconf 86' lang='lat' dir='ltr'>sic</span> <span class='ocrx_word' id='word_1_200' title='bbox 699 1713 742 1755; x_wconf 86' lang='lat' dir='ltr'>illis</span> <span class='ocrx_word' id='word_1_201' title='bbox 754 1713 813 1756; x_wconf 88' lang='lat' dir='ltr'>cordi</span> <span class='ocrx_word' id='word_1_202' title='bbox 824 1718 870 1756; x_wconf 89' lang='lat' dir='ltr'>erat</span> <span class='ocrx_word' id='word_1_203' title='bbox 880 1714 917 1756; x_wconf 92' lang='lat' dir='ltr'>sed</span> <span class='ocrx_word' id='word_1_204' title='bbox 926 1728 1011 1770; x_wconf 85' lang='lat' dir='ltr'>separa-</span> 
     </span>
     <span class='ocr_line' id='line_1_23' title="bbox 139 1782 1010 1839; baseline 0.001 -15"><span class='ocrx_word' id='word_1_205' title='bbox 139 1782 181 1824; x_wconf 89' lang='lat' dir='ltr'>tim</span> <span class='ocrx_word' id='word_1_206' title='bbox 192 1798 204 1825; x_wconf 92' lang='lat' dir='ltr'>a</span> <span class='ocrx_word' id='word_1_207' title='bbox 215 1797 310 1839; x_wconf 83' lang='lat' dir='ltr'>corpore,</span> <span class='ocrx_word' id='word_1_208' title='bbox 321 1798 360 1838; x_wconf 86' lang='lat' dir='ltr'>per</span> <span class='ocrx_word' id='word_1_209' title='bbox 374 1783 438 1825; x_wconf 87' lang='lat' dir='ltr'>breve</span> <span class='ocrx_word' id='word_1_210' title='bbox 450 1784 546 1838; x_wconf 85' lang='lat' dir='ltr'>spatium</span> <span class='ocrx_word' id='word_1_211' title='bbox 557 1783 661 1839; x_wconf 82' lang='lat' dir='ltr'>pependit</span> <span class='ocrx_word' id='word_1_212' title='bbox 676 1783 700 1824; x_wconf 91' lang='lat' dir='ltr'>in</span> <span class='ocrx_word' id='word_1_213' title='bbox 715 1783 814 1838; x_wconf 85' lang='lat' dir='ltr'>patibulo</span> <span class='ocrx_word' id='word_1_214' title='bbox 823 1797 850 1825; x_wconf 84' lang='grc'>111</span> <span class='ocrx_word' id='word_1_215' title='bbox 860 1797 902 1839; x_wconf 78' lang='lat' dir='ltr'>quo</span> <span class='ocrx_word' id='word_1_216' title='bbox 914 1798 964 1826; x_wconf 87' lang='lat' dir='ltr'>eum</span> <span class='ocrx_word' id='word_1_217' title='bbox 975 1799 1010 1826; x_wconf 75' lang='lat' dir='ltr'>ex-</span> 
     </span>
     <span class='ocr_line' id='line_1_24' title="bbox 139 1851 1011 1909; baseline 0.001 -15"><span class='ocrx_word' id='word_1_218' title='bbox 139 1852 238 1894; x_wconf 85' lang='lat' dir='ltr'>tulerunt</span> <span class='ocrx_word' id='word_1_219' title='bbox 249 1851 273 1894; x_wconf 90' lang='lat' dir='ltr'>et</span> <span class='ocrx_word' id='word_1_220' title='bbox 286 1853 330 1894; x_wconf 79' lang='lat' dir='ltr'>fere</span> <span class='ocrx_word' id='word_1_221' title='bbox 340 1853 415 1895; x_wconf 78' lang='lat' dir='ltr'>virum</span> <span class='ocrx_word' id='word_1_222' title='bbox 423 1852 560 1908; x_wconf 78' lang='lat' dir='ltr'>jugularunt,</span> <span class='ocrx_word' id='word_1_223' title='bbox 573 1857 595 1894; x_wconf 89' lang='lat' dir='ltr'>et</span> <span class='ocrx_word' id='word_1_224' title='bbox 610 1852 677 1894; x_wconf 88' lang='lat' dir='ltr'>multi</span> <span class='ocrx_word' id='word_1_225' title='bbox 687 1852 775 1907; x_wconf 76' lang='lat' dir='ltr'>quidem</span> <span class='ocrx_word' id='word_1_226' title='bbox 789 1853 833 1895; x_wconf 89' lang='lat' dir='ltr'>fide</span> <span class='ocrx_word' id='word_1_227' title='bbox 844 1853 905 1908; x_wconf 81' lang='lat' dir='ltr'>digni</span> <span class='ocrx_word' id='word_1_228' title='bbox 916 1854 955 1909; x_wconf 82' lang='lat' dir='ltr'>qui</span> <span class='ocrx_word' id='word_1_229' title='bbox 965 1853 1011 1896; x_wconf 93' lang='lat' dir='ltr'>loco</span> 
     </span>
     <span class='ocr_line' id='line_1_25' title="bbox 139 1921 1011 1977; baseline 0.002 -14"><span class='ocrx_word' id='word_1_230' title='bbox 139 1923 232 1976; x_wconf 74' lang='lat' dir='ltr'>proximi</span> <span class='ocrx_word' id='word_1_231' title='bbox 241 1922 364 1972; x_wconf 82' lang='lat' dir='ltr'>adfuerunt,</span> <span class='ocrx_word' id='word_1_232' title='bbox 373 1923 504 1964; x_wconf 76' lang='lat' dir='ltr'>audiverunt</span> <span class='ocrx_word' id='word_1_233' title='bbox 508 1921 637 1977; x_wconf 77' lang='lat' dir='ltr'>jugulatum</span> <span class='ocrx_word' id='word_1_234' title='bbox 644 1926 709 1977; x_wconf 89' lang='lat' dir='ltr'>caput</span> <span class='ocrx_word' id='word_1_235' title='bbox 716 1936 767 1964; x_wconf 82' lang='lat' dir='ltr'>voce</span> <span class='ocrx_word' id='word_1_236' title='bbox 774 1922 831 1964; x_wconf 86' lang='lat' dir='ltr'>clara</span> <span class='ocrx_word' id='word_1_237' title='bbox 840 1923 921 1974; x_wconf 77' lang='lat' dir='ltr'>elicere,</span> <span class='ocrx_word' id='word_1_238' title='bbox 936 1925 950 1942; x_wconf 85' lang='lat'><strong>“</strong></span> <span class='ocrx_word' id='word_1_239' title='bbox 958 1923 1011 1966; x_wconf 84' lang='lat' dir='ltr'>Vias</span> 
     </span>
     <span class='ocr_line' id='line_1_26' title="bbox 138 1992 1008 2045; baseline 0.002 -12"><span class='ocrx_word' id='word_1_240' title='bbox 138 1995 195 2042; x_wconf 85' lang='lat' dir='ltr'>tuas,</span> <span class='ocrx_word' id='word_1_241' title='bbox 204 1992 306 2043; x_wconf 81' lang='lat' dir='ltr'>Domine,</span> <span class='ocrx_word' id='word_1_242' title='bbox 315 1993 440 2035; x_wconf 86' lang='lat' dir='ltr'>demonstra</span> <span class='ocrx_word' id='word_1_243' title='bbox 447 1992 503 2034; x_wconf 88' lang='lat' dir='ltr'>mihi</span> <span class='ocrx_word' id='word_1_244' title='bbox 508 2007 514 2043; x_wconf 76' lang='lat'>,¹</span> <span class='ocrx_word' id='word_1_245' title='bbox 526 1996 548 2034; x_wconf 90' lang='lat' dir='ltr'>et</span> <span class='ocrx_word' id='word_1_246' title='bbox 558 1993 647 2035; x_wconf 85' lang='lat' dir='ltr'>semitas</span> <span class='ocrx_word' id='word_1_247' title='bbox 655 1996 712 2042; x_wconf 86' lang='lat' dir='ltr'>tuas,</span> <span class='ocrx_word' id='word_1_248' title='bbox 721 1992 785 2034; x_wconf 88' lang='lat' dir='ltr'>edoce</span> <span class='ocrx_word' id='word_1_249' title='bbox 793 1994 853 2043; x_wconf 85' lang='lat' dir='ltr'>me,&#39;&#39;</span> <span class='ocrx_word' id='word_1_250' title='bbox 862 1997 884 2035; x_wconf 92' lang='lat' dir='ltr'>et</span> <span class='ocrx_word' id='word_1_251' title='bbox 891 1993 932 2034; x_wconf 89' lang='grc'>1111</span> <span class='ocrx_word' id='word_1_252' title='bbox 937 1994 1008 2045; x_wconf 88' lang='lat' dir='ltr'>modo,</span> 
     </span>
     <span class='ocr_line' id='line_1_27' title="bbox 138 2061 1007 2116; baseline 0.001 -13"><span class='ocrx_word' id='word_1_253' title='bbox 138 2062 233 2116; x_wconf 87' lang='lat' dir='ltr'>palmam</span> <span class='ocrx_word' id='word_1_254' title='bbox 242 2062 342 2116; x_wconf 77' lang='lat' dir='ltr'>martyrii</span> <span class='ocrx_word' id='word_1_255' title='bbox 353 2062 445 2116; x_wconf 87' lang='lat' dir='ltr'>adeptus</span> <span class='ocrx_word' id='word_1_256' title='bbox 454 2066 488 2103; x_wconf 88' lang='lat' dir='ltr'>est</span> <span class='ocrx_word' id='word_1_257' title='bbox 496 2061 600 2102; x_wconf 88' lang='lat' dir='ltr'>Limerici</span> <span class='ocrx_word' id='word_1_258' title='bbox 608 2062 664 2103; x_wconf 88' lang='lat' dir='ltr'>circa</span> <span class='ocrx_word' id='word_1_259' title='bbox 673 2075 755 2103; x_wconf 87' lang='lat' dir='ltr'>annum</span> <span class='ocrx_word' id='word_1_260' title='bbox 765 2062 793 2102; x_wconf 83' lang='lat'>15</span> <span class='ocrx_word' id='word_1_261' title='bbox 795 2063 830 2105; x_wconf 80' lang='lat'>79.</span> <span class='ocrx_word' id='word_1_262' title='bbox 849 2062 940 2116; x_wconf 72' lang='lat' dir='ltr'>Corpus,</span> <span class='ocrx_word' id='word_1_263' title='bbox 951 2077 1007 2113; x_wconf 73' lang='lat' dir='ltr'>uero,</span> 
     </span>
     <span class='ocr_line' id='line_1_28' title="bbox 138 2129 1008 2189; baseline 0.001 -17"><span class='ocrx_word' id='word_1_264' title='bbox 138 2130 496 2189; x_wconf 64' lang='grc'>1111111111,1111111111111111</span> <span class='ocrx_word' id='word_1_265' title='bbox 513 2129 614 2179; x_wconf 75' lang='lat' dir='ltr'>clivisum,</span> <span class='ocrx_word' id='word_1_266' title='bbox 632 2143 687 2185; x_wconf 86' lang='lat' dir='ltr'>quae</span> <span class='ocrx_word' id='word_1_267' title='bbox 704 2132 725 2169; x_wconf 90' lang='lat' dir='ltr'>et</span> <span class='ocrx_word' id='word_1_268' title='bbox 741 2143 806 2183; x_wconf 88' lang='lat' dir='ltr'>super</span> <span class='ocrx_word' id='word_1_269' title='bbox 822 2130 917 2171; x_wconf 82' lang='lat' dir='ltr'>civitatis</span> <span class='ocrx_word' id='word_1_270' title='bbox 932 2135 1008 2185; x_wconf 87' lang='lat' dir='ltr'>portas</span> 
     </span>
     <span class='ocr_line' id='line_1_29' title="bbox 137 2198 1007 2255; baseline 0.002 -14"><span class='ocrx_word' id='word_1_271' title='bbox 137 2200 221 2255; x_wconf 85' lang='lat' dir='ltr'>positae</span> <span class='ocrx_word' id='word_1_272' title='bbox 231 2203 290 2251; x_wconf 88' lang='lat' dir='ltr'>sunt,</span> <span class='ocrx_word' id='word_1_273' title='bbox 303 2213 347 2240; x_wconf 92' lang='lat' dir='ltr'>ncn</span> <span class='ocrx_word' id='word_1_274' title='bbox 358 2200 429 2241; x_wconf 87' lang='lat' dir='ltr'>solum</span> <span class='ocrx_word' id='word_1_275' title='bbox 440 2213 452 2240; x_wconf 90' lang='lat' dir='ltr'>a</span> <span class='ocrx_word' id='word_1_276' title='bbox 463 2198 532 2241; x_wconf 81' lang='lat' dir='ltr'>corvis</span> <span class='ocrx_word' id='word_1_277' title='bbox 542 2199 644 2249; x_wconf 84' lang='lat' dir='ltr'>intactae,</span> <span class='ocrx_word' id='word_1_278' title='bbox 656 2213 731 2241; x_wconf 84' lang='lat' dir='ltr'>verum</span> <span class='ocrx_word' id='word_1_279' title='bbox 742 2203 764 2240; x_wconf 89' lang='lat' dir='ltr'>et</span> <span class='ocrx_word' id='word_1_280' title='bbox 779 2200 924 2255; x_wconf 80' lang='lat' dir='ltr'>incorruptae,</span> <span class='ocrx_word' id='word_1_281' title='bbox 937 2202 1007 2243; x_wconf 88' lang='lat' dir='ltr'>multo</span> 
     </span>
     <span class='ocr_line' id='line_1_30' title="bbox 137 2268 1008 2324; baseline 0.003 -14"><span class='ocrx_word' id='word_1_282' title='bbox 137 2274 234 2324; x_wconf 87' lang='lat' dir='ltr'>tempore</span> <span class='ocrx_word' id='word_1_283' title='bbox 254 2272 438 2324; x_wconf 78' lang='lat' dir='ltr'>permanserunt3</span> <span class='ocrx_word' id='word_1_284' title='bbox 465 2268 594 2323; x_wconf 82' lang='lat' dir='ltr'>aliquorum,</span> <span class='ocrx_word' id='word_1_285' title='bbox 616 2282 673 2318; x_wconf 76' lang='lat' dir='ltr'>uero,</span> <span class='ocrx_word' id='word_1_286' title='bbox 693 2269 804 2310; x_wconf 87' lang='lat' dir='ltr'>latronum</span> <span class='ocrx_word' id='word_1_287' title='bbox 822 2283 911 2324; x_wconf 85' lang='lat' dir='ltr'>corpora</span> <span class='ocrx_word' id='word_1_288' title='bbox 932 2270 1008 2313; x_wconf 89' lang='lat' dir='ltr'>eodem</span> 
     </span>
     <span class='ocr_line' id='line_1_31' title="bbox 137 2338 1008 2395; baseline 0.002 -13"><span class='ocrx_word' id='word_1_289' title='bbox 137 2340 202 2382; x_wconf 88' lang='lat' dir='ltr'>modo</span> <span class='ocrx_word' id='word_1_290' title='bbox 212 2340 281 2395; x_wconf 90' lang='lat' dir='ltr'>portis</span> <span class='ocrx_word' id='word_1_291' title='bbox 292 2339 355 2381; x_wconf 77' lang='lat' dir='ltr'>affixa</span> <span class='ocrx_word' id='word_1_292' title='bbox 365 2339 425 2381; x_wconf 74' lang='lat' dir='ltr'>brevi</span> <span class='ocrx_word' id='word_1_293' title='bbox 436 2353 448 2381; x_wconf 85' lang='lat' dir='ltr'>a</span> <span class='ocrx_word' id='word_1_294' title='bbox 459 2338 527 2381; x_wconf 75' lang='lat' dir='ltr'>coriis</span> <span class='ocrx_word' id='word_1_295' title='bbox 539 2338 640 2381; x_wconf 85' lang='lat' dir='ltr'>devorata</span> <span class='ocrx_word' id='word_1_296' title='bbox 651 2343 711 2390; x_wconf 89' lang='lat' dir='ltr'>sunt,</span> <span class='ocrx_word' id='word_1_297' title='bbox 723 2340 863 2395; x_wconf 74' lang='lat' dir='ltr'>maximoque</span> <span class='ocrx_word' id='word_1_298' title='bbox 880 2355 929 2383; x_wconf 89' lang='lat' dir='ltr'>oum</span> <span class='ocrx_word' id='word_1_299' title='bbox 941 2342 1008 2385; x_wconf 87' lang='lat' dir='ltr'>fetore</span> 
     </span>
     <span class='ocr_line' id='line_1_32' title="bbox 138 2415 245 2467; baseline -0.009 -14"><span class='ocrx_word' id='word_1_300' title='bbox 138 2415 245 2467; x_wconf 87' lang='lat' dir='ltr'>corrupta.</span> 
     </span>
    </p>

    <p class='ocr_par' dir='ltr' id='par_1_3' title="bbox 91 2473 1009 3028">
     <span class='ocr_line' id='line_1_33' title="bbox 182 2473 1009 2538; baseline 0.002 -15"><span class='ocrx_word' id='word_1_301' title='bbox 182 2482 286 2524; x_wconf 84' lang='lat' dir='ltr'>Nichclas</span> <span class='ocrx_word' id='word_1_302' title='bbox 296 2481 502 2537; x_wconf 80' lang='lat' dir='ltr'>Saunders‚Anglus</span> <span class='ocrx_word' id='word_1_303' title='bbox 511 2482 607 2532; x_wconf 87' lang='lat' dir='ltr'>natione,</span> <span class='ocrx_word' id='word_1_304' title='bbox 617 2481 705 2533; x_wconf 85' lang='lat' dir='ltr'>nobilis,</span> <span class='ocrx_word' id='word_1_305' title='bbox 713 2482 789 2524; x_wconf 79' lang='lat' dir='ltr'>Sacrae</span> <span class='ocrx_word' id='word_1_306' title='bbox 794 2482 925 2538; x_wconf 77' lang='lat' dir='ltr'>Tlreologiae</span> <span class='ocrx_word' id='word_1_307' title='bbox 933 2473 1009 2526; x_wconf 85' lang='lat' dir='ltr'>doctor</span> 
     </span>
     <span class='ocr_line' id='line_1_34' title="bbox 91 2540 1007 2608; baseline 0.002 -15"><span class='ocrx_word' id='word_1_308' title='bbox 91 2540 92 2543; x_wconf 12' lang='grc' dir='ltr'><strong>Ἴ</strong></span> <span class='ocrx_word' id='word_1_309' title='bbox 137 2552 238 2608; x_wconf 84' lang='lat' dir='ltr'>insignis,</span> <span class='ocrx_word' id='word_1_310' title='bbox 257 2553 376 2608; x_wconf 87' lang='lat' dir='ltr'>sapientiae</span> <span class='ocrx_word' id='word_1_311' title='bbox 393 2556 415 2595; x_wconf 92' lang='lat' dir='ltr'>et</span> <span class='ocrx_word' id='word_1_312' title='bbox 431 2553 540 2595; x_wconf 85' lang='lat' dir='ltr'>doctrinae</span> <span class='ocrx_word' id='word_1_313' title='bbox 555 2553 772 2608; x_wconf 65' lang='lat' dir='ltr'>liraestantissimum</span> <span class='ocrx_word' id='word_1_314' title='bbox 788 2553 904 2608; x_wconf 78' lang='lat' dir='ltr'>exemplar,</span> <span class='ocrx_word' id='word_1_315' title='bbox 917 2556 942 2594; x_wconf 93' lang='lat' dir='ltr'>ut</span> <span class='ocrx_word' id='word_1_316' title='bbox 960 2555 1007 2608; x_wconf 69' lang='lat' dir='ltr'>eJ&#39;us</span> 
     </span>
     <span class='ocr_line' id='line_1_35' title="bbox 137 2621 1006 2677; baseline -0.001 -13"><span class='ocrx_word' id='word_1_317' title='bbox 137 2637 201 2677; x_wconf 91' lang='lat' dir='ltr'>opera</span> <span class='ocrx_word' id='word_1_318' title='bbox 211 2626 329 2672; x_wconf 88' lang='lat' dir='ltr'>testantur,</span> <span class='ocrx_word' id='word_1_319' title='bbox 339 2636 403 2665; x_wconf 79' lang='grc'>11111</span> <span class='ocrx_word' id='word_1_320' title='bbox 414 2625 436 2664; x_wconf 88' lang='grc'>11</span> <span class='ocrx_word' id='word_1_321' title='bbox 446 2623 530 2664; x_wconf 77' lang='lat' dir='ltr'>zelosus</span> <span class='ocrx_word' id='word_1_322' title='bbox 541 2621 584 2663; x_wconf 87' lang='lat' dir='ltr'>Dei</span> <span class='ocrx_word' id='word_1_323' title='bbox 592 2623 671 2677; x_wconf 88' lang='lat' dir='ltr'>optimi</span> <span class='ocrx_word' id='word_1_324' title='bbox 681 2622 773 2664; x_wconf 76' lang='lat' dir='ltr'>maximi</span> <span class='ocrx_word' id='word_1_325' title='bbox 780 2622 861 2677; x_wconf 79' lang='lat' dir='ltr'>ubique</span> <span class='ocrx_word' id='word_1_326' title='bbox 870 2622 946 2672; x_wconf 88' lang='lat' dir='ltr'>cultor,</span> <span class='ocrx_word' id='word_1_327' title='bbox 956 2626 1006 2676; x_wconf 89' lang='lat' dir='ltr'>post</span> 
     </span>
     <span class='ocr_line' id='line_1_36' title="bbox 136 2691 1004 2747; baseline -0.001 -14"><span class='ocrx_word' id='word_1_328' title='bbox 136 2693 235 2734; x_wconf 87' lang='lat' dir='ltr'>infinitos</span> <span class='ocrx_word' id='word_1_329' title='bbox 251 2692 294 2733; x_wconf 79' lang='lat' dir='ltr'>fere</span> <span class='ocrx_word' id='word_1_330' title='bbox 306 2692 389 2734; x_wconf 88' lang='lat' dir='ltr'>labores</span> <span class='ocrx_word' id='word_1_331' title='bbox 400 2691 424 2733; x_wconf 91' lang='lat' dir='ltr'>in</span> <span class='ocrx_word' id='word_1_332' title='bbox 440 2692 530 2733; x_wconf 85' lang='lat' dir='ltr'>diversis</span> <span class='ocrx_word' id='word_1_333' title='bbox 540 2691 642 2747; x_wconf 88' lang='lat' dir='ltr'>Europae</span> <span class='ocrx_word' id='word_1_334' title='bbox 653 2691 753 2746; x_wconf 83' lang='lat' dir='ltr'>partibus</span> <span class='ocrx_word' id='word_1_335' title='bbox 772 2692 900 2734; x_wconf 79' lang='grc'>1111111111</span> <span class='ocrx_word' id='word_1_336' title='bbox 918 2705 1004 2745; x_wconf 84' lang='lat' dir='ltr'>suseep-</span> 
     </span>
     <span class='ocr_line' id='line_1_37' title="bbox 136 2762 1003 2818; baseline -0.003 -14"><span class='ocrx_word' id='word_1_337' title='bbox 136 2765 194 2804; x_wconf 89' lang='lat' dir='ltr'>tosa</span> <span class='ocrx_word' id='word_1_338' title='bbox 209 2762 270 2817; x_wconf 76' lang='lat' dir='ltr'>Papa</span> <span class='ocrx_word' id='word_1_339' title='bbox 285 2763 390 2818; x_wconf 81' lang='lat' dir='ltr'>Gregorio</span> <span class='ocrx_word' id='word_1_340' title='bbox 409 2762 474 2804; x_wconf 87' lang='grc' dir='ltr'>ΧΠΙ,</span> <span class='ocrx_word' id='word_1_341' title='bbox 482 2763 509 2804; x_wconf 89' lang='lat' dir='ltr'>in</span> <span class='ocrx_word' id='word_1_342' title='bbox 527 2762 659 2804; x_wconf 83' lang='lat' dir='ltr'>Hiberniam</span> <span class='ocrx_word' id='word_1_343' title='bbox 675 2763 764 2813; x_wconf 84' lang='lat' dir='ltr'>missus,</span> <span class='ocrx_word' id='word_1_344' title='bbox 777 2766 802 2804; x_wconf 90' lang='grc'>11</span> <span class='ocrx_word' id='word_1_345' title='bbox 820 2763 870 2804; x_wconf 85' lang='lat' dir='ltr'>ilios</span> <span class='ocrx_word' id='word_1_346' title='bbox 887 2762 1003 2816; x_wconf 84' lang='lat' dir='ltr'>principes,</span> 
     </span>
     <span class='ocr_line' id='line_1_38' title="bbox 136 2829 1005 2887; baseline 0.002 -17"><span class='ocrx_word' id='word_1_347' title='bbox 136 2834 158 2871; x_wconf 85' lang='lat' dir='ltr'>et</span> <span class='ocrx_word' id='word_1_348' title='bbox 169 2831 253 2873; x_wconf 82' lang='lat' dir='ltr'>nobiles</span> <span class='ocrx_word' id='word_1_349' title='bbox 264 2832 301 2887; x_wconf 90' lang='lat' dir='ltr'>qui</span> <span class='ocrx_word' id='word_1_350' title='bbox 313 2834 377 2873; x_wconf 74' lang='lat' dir='ltr'>causa</span> <span class='ocrx_word' id='word_1_351' title='bbox 387 2832 446 2882; x_wconf 90' lang='lat' dir='ltr'>fidei,</span> <span class='ocrx_word' id='word_1_352' title='bbox 459 2833 485 2874; x_wconf 89' lang='lat' dir='ltr'>ad</span> <span class='ocrx_word' id='word_1_353' title='bbox 496 2833 625 2874; x_wconf 85' lang='lat' dir='ltr'>instantiam</span> <span class='ocrx_word' id='word_1_354' title='bbox 637 2831 694 2874; x_wconf 81' lang='lat' dir='ltr'>Suae</span> <span class='ocrx_word' id='word_1_355' title='bbox 707 2832 834 2874; x_wconf 81' lang='lat' dir='ltr'>Sanctitatis</span> <span class='ocrx_word' id='word_1_356' title='bbox 846 2835 920 2873; x_wconf 85' lang='lat' dir='ltr'>contra</span> <span class='ocrx_word' id='word_1_357' title='bbox 929 2829 1005 2872; x_wconf 86' lang='grc'>111111-</span> 
     </span>
     <span class='ocr_line' id='line_1_39' title="bbox 136 2899 1006 2958; baseline 0.002 -18"><span class='ocrx_word' id='word_1_358' title='bbox 136 2899 191 2941; x_wconf 87' lang='lat' dir='ltr'>ticos</span> <span class='ocrx_word' id='word_1_359' title='bbox 207 2914 267 2942; x_wconf 87' lang='lat' dir='ltr'>arma</span> <span class='ocrx_word' id='word_1_360' title='bbox 282 2901 387 2951; x_wconf 87' lang='lat' dir='ltr'>tulerunt,</span> <span class='ocrx_word' id='word_1_361' title='bbox 401 2901 549 2944; x_wconf 86' lang='lat' dir='ltr'>consolaretur</span> <span class='ocrx_word' id='word_1_362' title='bbox 560 2902 649 2958; x_wconf 86' lang='lat' dir='ltr'>suisque</span> <span class='ocrx_word' id='word_1_363' title='bbox 665 2900 853 2943; x_wconf 78' lang='lat' dir='ltr'>exhortationibus</span> <span class='ocrx_word' id='word_1_364' title='bbox 869 2899 892 2939; x_wconf 90' lang='lat' dir='ltr'>in</span> <span class='ocrx_word' id='word_1_365' title='bbox 903 2903 1006 2954; x_wconf 84' lang='lat' dir='ltr'>suscepto</span> 
     </span>
     <span class='ocr_line' id='line_1_40' title="bbox 136 2969 1005 3028; baseline 0.003 -19"><span class='ocrx_word' id='word_1_366' title='bbox 136 2970 246 3025; x_wconf 85' lang='lat' dir='ltr'>proposito</span> <span class='ocrx_word' id='word_1_367' title='bbox 257 2972 409 3022; x_wconf 80' lang='lat' dir='ltr'>confirmaret3</span> <span class='ocrx_word' id='word_1_368' title='bbox 427 2986 468 3027; x_wconf 84' lang='lat' dir='ltr'>quo</span> <span class='ocrx_word' id='word_1_369' title='bbox 479 2972 503 3014; x_wconf 88' lang='lat' dir='ltr'>in</span> <span class='ocrx_word' id='word_1_370' title='bbox 514 2973 602 3027; x_wconf 81' lang='lat' dir='ltr'>negotio</span> <span class='ocrx_word' id='word_1_371' title='bbox 612 2971 736 3028; x_wconf 70' lang='lat' dir='ltr'>prudentii,</span> <span class='ocrx_word' id='word_1_372' title='bbox 745 2971 802 3012; x_wconf 77' lang='grc'>11111</span> <span class='ocrx_word' id='word_1_373' title='bbox 813 2969 919 3024; x_wconf 75' lang='lat' dir='ltr'>exempla,</span> <span class='ocrx_word' id='word_1_374' title='bbox 931 2970 1005 3013; x_wconf 75' lang='lat' dir='ltr'>verbis</span> 
     </span>
    </p>
   </div>
   <div class='ocr_carea' id='block_1_3' title="bbox 0 0 1212 3337">
    <p class='ocr_par' dir='ltr' id='par_1_4' title="bbox 0 0 1212 3337">
     <span class='ocr_line' id='line_1_41' title="bbox 0 0 1212 3337; baseline 0 4"><span class='ocrx_word' id='word_1_375' title='bbox 0 0 1212 3337; x_wconf 95' lang='lat' dir='ltr'> </span> 
     </span>
    </p>
   </div>
  </div>
 </body>
</html>
