2416 3337
428 151 573 183 srromneiuat
590 153 733 184 ossoniartsn.

541 352 628 395 XXIII.

148 448 244 489 Larasa
260 459 287 489 or
303 458 349 488 rua
365 446 431 489 Mosa
447 447 503 490 Rav.
520 448 565 492 Da.
581 449 696 503 Fanniae,
713 450 860 493 Anonnrsrror
877 463 904 493 or
920 450 1019 502 Dosara,

274 529 302 558 ro
313 516 337 558 F.
348 516 414 559 Lora
426 516 548 572 Wanorao,
562 519 651 571 ΟΜ,
663 520 770 563 Ooronna
781 521 816 573 15,
831 521 898 563 1623.

415 609 476 651 (Fron
489 619 525 643 rus
539 611 568 645 Sr.
581 612 674 645 Ismoan's
687 611 750 653 MSS.)

150 692 190 733 [Dr.
199 690 294 733 Fleming’s
303 691 429 732 appointment
438 703 456 726 as
464 693 577 736 Archbishop
586 695 608 727 of
617 694 686 728 Dublin
694 704 730 729 was
741 698 775 728 not
785 693 881 737 published
889 693 909 726 in
918 693 1021 737 Consistory

193 749 221 781 till
227 748 259 781 the
267 747 311 780 23111
319 748 399 788 October,
408 749 458 792 1623,
469 750 507 789 but,
515 761 535 784 as
544 761 619 793 appears
627 752 672 784 from
683 751 722 784 this
732 751 791 791 letter,
801 751 838 784 had
850 751 896 784 been
911 750 986 784 decided
997 761 1021 783 on

192 804 291 838 sometime
297 804 403 846 previously.
427 807 462 838 For
468 807 499 840 the
506 807 571 841 details
577 808 597 841 of
602 808 631 841 his
638 807 674 848 life,
680 818 710 841 see
719 811 729 826 ''‘
736 808 774 841 The
779 807 902 850 rrehorsnops
909 807 930 840 of
935 807 1022 848 Duhlin,'¹

191 869 236 901 page
244 860 278 892 298
287 869 334 900 seqq.
358 859 417 900 Duffy‚
426 860 486 903 rata]

147 958 289 1001 Ravennam
305 969 416 999 roucourt
432 957 516 1000 Plana.

193 1058 274 1100 Graiae
294 1060 346 1099 tuae
362 1056 449 1099 litterae
464 1058 572 1113 gratiores
593 1059 690 1102 fuissent
705 1060 749 1102 nisi
765 1058 922 1102 tristissimum
939 1056 966 1099 ad
984 1071 1020 1099 me

146 1129 253 1171 nuncium
264 1128 401 1184 perferrent:
419 1128 545 1171 mehercule
562 1129 620 1172 nihil
636 1130 693 1173 mihi
708 1131 793 1186 gratius
804 1129 931 1185 contingere
946 1127 1021 1184 potuit

146 1213 213 1255 quam
227 1199 259 1239 ita
276 1199 377 1253 impense
389 1212 401 1239 a
411 1201 458 1240 tam
469 1199 556 1242 cordato
573 1200 620 1242 viro
637 1199 701 1255 diligi
708 1216 714 1252 3
731 1200 789 1243 nihil
804 1200 893 1243 tristius
904 1213 970 1257 quam
981 1197 1021 1239 tali

146 1284 198 1311 eura
214 1268 336 1324 implicari:
353 1270 372 1311 si
388 1269 460 1313 honos
475 1270 599 1312 censendus
617 1272 653 1321 sit,
664 1271 755 1326 plurimi
770 1275 832 1314 erant
843 1286 879 1313 me
891 1270 1019 1326 digniores:

146 1341 165 1382 si
180 1354 243 1390 onus,
258 1341 351 1395 plurimi
364 1341 473 1383 fortiores.
504 1341 551 1384 Nec
568 1340 622 1384 haec
633 1357 645 1384 a
656 1357 691 1384 me
702 1346 779 1399 questa
796 1346 848 1386 sunt
863 1345 902 1383 aut
917 1339 1019 1382 beneficii

146 1410 280 1452 extenuandi
296 1414 334 1452 aut
350 1410 471 1465 gratiarum
489 1410 681 1453 detrectanclarum
699 1426 756 1467 ergo,
769 1411 827 1467 quod
842 1412 908 1467 longe
919 1410 1018 1452 alienum

146 1485 180 1522 est
192 1495 204 1522 a
215 1481 278 1536 genio
290 1494 353 1522 meo:
371 1480 409 1522 sed
426 1479 484 1535 quod
499 1495 535 1522 me
550 1481 670 1536 indignum
680 1482 721 1538 tali
735 1482 817 1524 honore
828 1485 849 1523 et
859 1483 967 1536 imparem
977 1480 1018 1521 tali

145 1551 208 1592 oneri
219 1550 342 1593 aestimem.
373 1550 425 1591 Etsi
436 1550 456 1592 is
472 1550 510 1605 qui
527 1549 599 1593 cordis
609 1551 655 1593 mei
665 1565 743 1593 arcana
753 1552 862 1602 intuetur,
874 1551 936 1593 norit
952 1563 1018 1605 quam

145 1620 216 1661 nolim
225 1619 267 1662 hoo
278 1634 342 1662 curae
350 1619 406 1661 mihi
416 1619 515 1675 imponi:
533 1620 584 1676 qaia
593 1623 667 1662 tamen
675 1624 697 1662 et
707 1621 793 1663 Patriae
804 1624 826 1663 et
833 1620 918 1662 ordinis
926 1619 1020 1660 interest

145 1690 249 1733 humeros
261 1704 384 1746 supponere
395 1704 440 1732 non
452 1691 548 1733 detrecto
559 1690 612 1732 lieet
623 1691 679 1733 milri
689 1692 798 1746 plurimae
806 1691 921 1733 molestiae
930 1693 952 1731 et
960 1689 1020 1731 varia

145 1760 247 1816 obloquia
257 1759 442 1802 inde-subeunda
459 1760 511 1802 sint.
545 1760 670 1811 Caeterum,
681 1761 748 1803 Pater
763 1761 901 1810 charissime,
913 1758 1020 1801 noveritis

144 1831 201 1872 mihi
212 1831 269 1873 hane
280 1845 355 1874 curam
362 1831 418 1872 milri
429 1831 487 1872 male
495 1844 607 1873 cessuram
616 1832 643 1874 ob
654 1832 789 1887 imperitiam
799 1831 822 1873 id
831 1830 919 1886 generis
929 1830 1019 1885 negotia

144 1900 252 1942 tractandi
263 1902 308 1943 nisi
319 1915 357 1943 vos
371 1902 471 1944 levamen
483 1905 504 1942 et
519 1915 584 1956 opem
595 1901 669 1943 feratis
680 1917 685 1943 ι
703 1915 769 1957 quam
780 1901 823 1944 levi
833 1900 923 1955 negotio
935 1900 1020 1941 adferre

132 1972 242 2025 possitis,
260 1972 279 2013 si
294 1972 409 2025 negotium
425 1972 478 2012 Dni.
494 1971 625 2026 Plunquetti
649 1972 708 2013 cordi
727 1975 749 2013 et
765 1985 829 2013 curae
846 1970 957 2025 suscipere
973 1983 1018 2012 non

144 2041 272 2095 gravemini.
305 2041 345 2082 Vir
355 2044 389 2082 cst
397 2054 490 2094 magnae
506 2040 661 2095 experientiae,
674 2040 757 2081 multae
769 2039 908 2089 eruditioniS,
920 2040 1017 2093 optimae

144 2110 209 2160 vitae,
226 2123 266 2150 nec
283 2108 365 2151 habent
379 2109 497 2150 adversarii
514 2109 538 2150 in
555 2123 598 2163 quo
617 2110 690 2165 ipsum
708 2108 876 2164 reprehendant,
894 2108 938 2149 nisi
957 2107 1015 2163 quod

142 2179 264 2234 postposita
280 2180 379 2234 ipsorum
397 2178 495 2220 amicitia
512 2178 584 2220 ordini
602 2182 678 2222 nostro
697 2178 828 2228 adhaeserit,
848 2191 915 2234 seque
935 2192 975 2233 pro
991 2191 1016 2219 eo

144 2265 232 2292 murum
243 2250 396 2292 firmissimum
411 2249 525 2304 posuerit:
544 2250 689 2303 dignissimus
700 2250 792 2306 proinde
803 2253 837 2292 est
848 2250 911 2305 eujus
922 2248 1018 2303 dignita-

143 2324 190 2362 tem
200 2319 308 2362 tueamini
322 2323 344 2361 et
357 2319 511 2375 promoveatis:
542 2319 618 2362 Illmo.
629 2319 742 2363 Cardinali
752 2334 765 2361 a
776 2320 839 2375 Trsjo
850 2334 890 2375 per
901 2318 1018 2374 epistolam

144 2394 166 2432 et
178 2391 259 2446 gratias
270 2391 363 2432 referam
372 2392 394 2431 et
404 2388 511 2445 quidquid
521 2389 546 2431 in
555 2403 592 2431 me
603 2394 639 2433 est
649 2390 749 2446 obsequii
760 2394 835 2445 gratus
845 2388 935 2432 vovebo.
967 2388 1018 2430 Hoc

143 2461 218 2517 ipsum
229 2476 241 2503 a
251 2462 279 2504 V.
291 2461 319 2503 P..
331 2461 379 2503 fieri
394 2474 444 2503 meo
459 2461 555 2513 nomine,
569 2461 638 2504 etiam
655 2465 721 2518 atque
737 2462 803 2504 etiam
818 2464 878 2515 peto.
911 2459 942 2501 Ut
953 2460 978 2501 V.
990 2459 1017 2501 R.

144 2533 243 2575 studium
256 2546 342 2587 semper
353 2545 471 2587 agnoscere
482 2545 532 2574 sum
546 2536 644 2587 paratus,
657 2532 688 2574 ita
702 2546 751 2575 eam
762 2536 784 2574 et
798 2532 870 2574 ordini
881 2533 903 2573 et
914 2527 1016 2572 omnibus

143 2602 170 2645 de
182 2618 207 2646 eo
219 2603 274 2645 bene
286 2601 434 2645 sentientibus
445 2602 578 2645 incolumem
588 2603 648 2645 tueri
658 2604 732 2646 Deum
743 2602 821 2645 obnixe
833 2600 969 2657 deprecabor.

190 2675 295 2726 Lovanio,
309 2675 337 2716 15
349 2673 457 2724 Octobris,
471 2674 537 2717 1623.

378 2743 435 2786 Vree
446 2741 521 2787 Revlle·
532 2741 622 2786 rateri-
636 2743 801 2787 addictissimus

550 2814 591 2857 aa.
611 2816 704 2859 Trionis
720 2816 861 2864 Furnineos,

626 2886 708 2930 electus
720 2886 839 2929 Dublinen.
851 2880 982 2936 Arohiepus.

188 2952 256 2997 Revl0·
269 2956 330 2997 Patri
341 2956 378 2998 Fr.
387 2956 463 2998 Lucae
474 2955 606 3011 Waddingo,

295 3024 315 3066 S·
329 3024 461 3079 Theologiae
472 3025 555 3086 lectori,
568 3025 615 3075 aa,
628 3027 665 3065 &a
