2416 3337
183 201 226 243 236
414 249 416 251 ,
464 214 610 246 srrcmucrun
626 215 767 247 osseamrsn.

178 359 293 404 Diaecesis
311 363 432 406 utilissime
450 368 577 421 occupatus,
593 380 633 408 nec
650 365 735 408 litteras
752 379 813 408 meas
829 364 957 421 tempestive
972 364 1053 420 recepit

178 445 219 474 nec
237 438 326 490 propter
343 435 473 479 brevitatem
491 438 599 493 temperis
618 441 639 479 et
653 437 740 480 itineris
757 437 920 492 longitudinem
935 436 1008 492 potuit
1018 436 1051 476 in·

178 506 289 548 terrenire
301 509 327 549 nt
337 507 445 563 exipsius
455 522 561 563 responso
580 508 688 550 intellexi.
720 508 781 549 Haec
792 522 859 563 quam
870 507 915 550 dini
927 506 1053 550 concordiae

180 575 340 632 redintegratio
357 578 416 619 inter
432 578 594 621 Oassellensem
611 581 631 619 et
644 577 812 632 Suffrageneum
828 579 877 633 ejus
892 578 991 620 Laonen.
1004 590 1053 618 eon-

165 646 229 702 ¹tigit
240 647 264 689 in
276 648 333 690 festo
349 648 488 690 exaltationis
507 649 529 689 S.
544 647 622 689 Orueis
637 646 699 688 XIV.
718 647 860 702 Septembris,
873 648 939 703 idque
950 662 991 703 ego
1002 651 1052 703 post

182 716 256 761 Deum
268 723 381 774 acceptum
391 719 461 761 refero
471 717 576 760 beneficio
587 717 723 758 Litterarum
734 716 894 772 Amplitudinis
906 718 973 760 Tuae.

221 786 257 829 De
268 789 368 830 cautione
379 787 535 829 Ecclesiastico
549 789 600 828 ante
614 785 696 841 aliquot
707 799 784 836 annos,
796 800 832 828 me
843 786 919 837 inscio,
932 787 1002 829 missa
1013 786 1050 829 sed

176 856 233 900 ultro
250 856 361 899 deferente
381 860 495 899 vecturam
511 855 587 899 Illmo.
604 855 691 898 Nunnio
709 855 823 899 Gallicano
840 857 864 898 in
881 869 920 899 suo
931 856 1047 908 «fasciculo,

175 941 220 970 non
241 927 339 970 obaliud
362 929 435 984 magis
457 942 492 970 me
515 941 567 970 cura
583 926 697 983 coquebat,
714 941 779 983 quam
799 930 825 970 ut
848 931 906 970 recto
928 928 981 970 celle
1001 928 1049 983 ipse

175 997 308 1049 incederem,
321 1002 342 1041 et
358 993 409 1040 cum
427 998 476 1041 aliis
491 997 639 1054 procederem,
653 998 673 1040 si
684 998 766 1040 occasio
783 1001 883 1054 surgeret
894 1012 918 1039 ac
929 998 1049 1040 necessitas

172 1071 260 1124 urgeret
279 1068 303 1109 in
313 1067 354 1110 liae
368 1065 480 1121 Diaemsi,
493 1082 549 1124 quae
568 1068 622 1110 alias
634 1064 754 1111 Diaeceses
770 1081 815 1109 non
830 1067 948 1110 admodum
960 1068 1049 1110 dissitas

171 1139 196 1180 in
207 1139 356 1194 discrepantes
375 1139 490 1194 opiniones
507 1142 529 1181 et
548 1138 632 1181 diversa
652 1139 725 1181 studia
743 1138 851 1181 trahebat.
879 1138 922 1180 Sed
937 1135 987 1180 Deo
998 1138 1047 1180 laus

174 1210 249 1251 omnia
259 1209 296 1250 hie
307 1210 380 1265 quieta
392 1212 444 1251 sunt
461 1213 482 1252 et
491 1210 617 1264 tranquilia,
630 1212 722 1263 utroque
739 1208 795 1250 clero
806 1212 853 1250 tem
864 1207 969 1251 saeculari
980 1221 1046 1262 quam
1096 1231 1097 1234 =

172 1279 280 1335 Regulari
290 1280 314 1321 in
323 1280 404 1322 bonurn
416 1281 562 1335 conspirante,
574 1284 667 1334 utroque
676 1278 801 1321 aemulante
812 1279 944 1321 charismata
955 1278 1046 1321 meliora

171 1350 218 1392 sine
230 1350 276 1392 ulla
286 1351 347 1405 gravi
356 1351 403 1401 lite,
417 1351 463 1392 rixa
475 1353 513 1391 aut
525 1349 635 1392 scandalo.

216 1420 296 1474 Itaque
314 1419 379 1462 rebus
398 1420 429 1462 sie
446 1418 556 1462 stantibus
573 1418 628 1461 mihi
645 1418 699 1461 satis
716 1419 758 1461 erit
779 1418 798 1461 si
816 1419 903 1475 vigiliae
919 1421 941 1460 et
959 1418 1044 1461 labores

170 1488 250 1543 quibus
259 1489 283 1532 in
293 1503 344 1531 cura
353 1490 427 1545 gregis
438 1494 488 1533 utor
495 1492 561 1546 prout
572 1490 595 1532 in
607 1489 722 1532 Relatione
730 1502 779 1531 mea
788 1488 814 1530 de
823 1493 882 1532 statu
893 1488 1006 1532 Diaecesis
1017 1489 1045 1530 ed

168 1573 243 1602 meum
260 1563 425 1616 procuratorem
442 1560 465 1602 P.
483 1559 632 1601 Edmundum
648 1559 765 1601 Duireium
781 1559 805 1600 in
821 1559 898 1601 urbem
913 1558 1045 1601 transmissa

168 1628 235 1672 letius
246 1618 374 1672 continetur
392 1643 437 1671 non
456 1629 588 1685 displiceant
594 1628 638 1670 illis
647 1628 671 1670 in
682 1628 735 1671 urbe
746 1628 937 1671 Eminentissimis
953 1628 1043 1670 lumini-

168 1699 211 1743 bus
222 1715 318 1756 qucrum
328 1704 409 1743 nutum
420 1703 442 1741 et
450 1700 588 1743 volontatem
604 1700 658 1742 scire
670 1703 692 1741 et
703 1700 764 1755 sequi
774 1713 906 1755 magnopere
923 1699 1043 1743 desiderari

170 1775 193 1813 et
204 1771 313 1814 desidero.

217 1843 276 1885 Ourn
286 1842 322 1884 his
330 1842 396 1898 Amp.
409 1842 479 1884 Tuam
490 1856 557 1898 quam
569 1856 655 1885 summa
666 1856 787 1897 prosequor
798 1840 943 1893 observantia,
955 1834 1041 1885 divinae

170 1913 262 1955 tuitioni
273 1913 366 1969 supplex
377 1912 513 1955 commendo.

379 1993 542 2049 Amplitadinis
554 1993 579 2034 T.
593 2004 667 2037 servus
678 1992 705 2035 ad
716 1990 809 2035 humilia
819 1991 928 2055 obsequia,

712 2059 795 2114 Diam,
812 2060 884 2118 Epus.
897 2061 1007 2104 Ossorien.

212 2136 240 2178 24
251 2136 360 2187 ianuarii,
375 2136 439 2179 1639.

525 2488 664 2531 LXXXVII.

166 2629 261 2673 Lnrrnn
278 2642 305 2673 or
322 2641 367 2672 rur
383 2627 470 2670 Brsner
486 2641 512 2670 or
531 2629 602 2672 Dour
620 2639 664 2670 aun
685 2627 783 2678 (lernen,
803 2623 1032 2678 lssrnArram,1639,

383 2722 411 2751 ro
423 2720 468 2750 rna
481 2707 613 2751 Snennrrar
624 2721 650 2751 or
661 2708 815 2750 Pnorrennnn.

197 2835 264 2876 [There
271 2834 288 2867 is
297 2844 307 2867 c
318 2835 408 2876 fragment
422 2831 442 2863 of
451 2829 528 2863 another
539 2829 592 2862 letter
606 2829 664 2863 which
672 2829 703 2862 the
711 2828 780 2869 Bishop
789 2827 808 2860 cf
814 2827 870 2861 Down
879 2826 914 2860 and
923 2827 993 2862 donner
1002 2830 1031 2863 ad-

160 2891 232 2925 dressed
240 2902 263 2924 on
271 2891 303 2924 the
313 2901 359 2924 same
368 2890 403 2931 day
410 2891 429 2921 to
438 2888 469 2920 the
478 2885 563 2919 Cardinal
574 2887 667 2918 Protector
679 2886 699 2917 of
709 2884 786 2923 Ireland,
794 2883 814 2916 in
822 2884 879 2917 which
887 2884 909 2917 he
918 2884 960 2919 rhus
968 2886 1031 2928 speaks

159 2947 178 2978 of
183 2946 215 2979 the
222 2947 283 2989 happy
291 2947 344 2980 truite
352 2946 372 2979 ef
376 2946 408 2979 the
417 2943 494 2977 Mission
500 2942 520 2975 in
525 2942 558 2974 the
567 2941 647 2975 Scottish
655 2940 730 2974 islands:
739 2943 748 2958 ‘⁴
755 2940 873 2981 Quamplures
880 2940 929 2973 illius
937 2941 1031 2975 Missionis

157 3001 277 3045 motusipse
286 3013 326 3035 cum
333 3001 404 3043 ingenti
413 2999 469 3033 animi
477 2998 513 3032 mei
521 2997 587 3041 gaudio
596 2995 678 3040 percepi:
694 2996 746 3029 multi
755 2995 820 3039 quippe
828 3006 860 3038 per
867 2996 916 3029 illem
924 2997 1030 3031 Missionem

158 3057 239 3097 plantati,
248 3062 269 3092 ut
277 3056 424 3092 Gonfirmationis
431 3066 471 3090 rore
479 3055 583 3098 rigarentur
592 3054 614 3088 ad
623 3052 695 3087 uberius
703 3053 770 3095 gratioe
778 3052 908 3087 incrementum
918 3064 928 3088 a
940 3053 978 3088 Deo
986 3054 1029 3087 reei-
