2416 3337
427 175 571 205 srrclnncrun
587 176 729 207 cssonmnsn.
739 172 742 177 ’
986 167 1015 208 89

140 322 287 377 pertulerunt,
293 321 315 359 01
322 317 423 359 sacerdos
430 314 551 359 nonsolum
558 318 647 369 socium,
653 319 692 370 tc,
701 318 837 360 Plunhetum
844 319 871 359 ad
877 319 1014 372 patientiam,

140 396 162 433 et
173 387 358 445 perseuerantiam
369 386 532 438 adhortabatur,
542 388 580 429 sed
592 392 613 429 et
624 388 713 439 milites,
724 391 746 430 01
757 389 811 430 alios
820 388 847 430 ad
857 388 1017 443 poenitentiam

141 464 163 501 et
171 460 227 501 ritae
235 456 420 508 emendationem,
429 460 494 512 prout
501 471 539 512 par
546 461 593 500 0111
603 458 756 500 inflammabat
767 474 771 500 :
789 458 918 510 coronellus,
928 472 985 509 rero,
996 462 1016 500 et

141 529 179 570 alii
188 529 226 584 qui
236 528 288 569 illos
298 527 415 569 haereticis
426 527 570 578 tradiderunt,
580 529 641 582 justo
653 529 697 570 Dei
705 528 789 584 judicio
799 543 892 583 poenam
903 542 956 570 suae
967 529 1016 570 infi-

141 597 239 639 delitatis
250 600 272 638 et
288 596 414 639 traditionis
427 597 544 639 solverunt.
576 597 639 648 Nam,
649 602 802 654 posteaquam
818 602 915 640 castrum
930 599 1017 653 proregi

141 667 282 709 tradiderunt
299 667 371 709 solum
383 666 508 709 octodecem
519 681 545 708 ex
558 668 667 709 sexcentis
678 668 789 710 militibus
801 668 932 722 superstites
944 679 1016 709 evase-

140 742 207 781 runt:
224 739 252 780 ad
263 743 395 790 extremum,
406 737 506 780 sacerdos
516 751 565 779 curn
575 737 693 789 Plunheto,
703 737 802 793 patibulo
813 738 916 793 suspensi
928 736 1015 779 01111111-

140 809 285 851 11111100110111
304 809 375 858 1111111
387 811 471 850 certum
490 822 581 863 scopum
596 809 692 864 oppositi
712 808 859 864 sclopetisque
874 807 1015 852 membratim

140 879 205 920 dirisi
216 878 313 932 palmam
324 877 423 931 martyrii
434 877 507 931 adepti
519 881 578 927 sunt,
591 892 648 919 anno
660 879 727 929 1580,
739 878 763 919 in
774 879 830 920 festo
841 878 863 919 d.
875 877 976 919 Martini.

185 946 305 988 Mauritius
327 945 453 996 Kimracha,
476 946 583 987 oriundus
602 947 628 987 de
655 947 788 997 Kilmaloch,
812 946 918 997 sacerdos,
942 959 1014 987 sacrae

141 1014 274 1069 ‘theologiae
282 1013 453 1063 Bachalaurens,
463 1027 513 1055 cum
521 1014 649 1067 pertulisset
658 1014 741 1056 multas
749 1015 802 1056 belli
811 1015 954 1064 calamitates,
964 1028 1014 1055 con-

139 1090 175 1127 tra
190 1085 319 1136 haereticos,
332 1083 416 1126 milites
434 1082 559 1125 Catholioos
571 1083 697 1135 animando,
715 1088 893 1138 sacramentaque
909 1084 1014 1124 adminis-

139 1155 217 1198 trando
229 1155 255 1197 ab
266 1154 381 1197 haereticis
391 1153 571 1208 comprehensus,
584 1157 606 1195 et
616 1154 639 1195 in
648 1168 757 1196 carcerem
766 1153 877 1205 detrusus,
890 1154 973 1208 diuque
984 1153 1015 1195 ibi

139 1227 243 1268 detentus
255 1230 289 1267 est
301 1235 343 1281 quo
351 1229 450 1280 tempore
461 1225 602 1279 magnacum
613 1222 1015 1280 11110111011101101011111111111110111

140 1296 265 1339 Catholicae
276 1297 299 1338 in
308 1295 351 1337 fide
358 1294 507 1345 confirmabat,
518 1295 561 1349 piis
568 1295 759 1337 erliortatiouibus
771 1296 853 1337 multos
862 1295 889 1336 ad
899 1294 1014 1350 poeniten-

139 1366 194 1407 tiam
207 1365 313 1415 mouebat,
332 1364 499 1419 exemplumque
516 1378 578 1406 rarae
596 1368 618 1406 ct
636 1364 762 1406 Catholicae
779 1364 893 1418 religionis
910 1362 1013 1406 omnibus

140 1434 212 1484 dabat,
219 1434 307 1476 solertia
314 1448 363 1475 1010
371 1433 486 1488 cujusdam
493 1432 573 1474 nobilis
580 1432 866 1483 ncmineVictorWhiteus,
872 1433 911 1487 qui
918 1446 1012 1474 carcera-

140 1505 199 1545 rium
207 1503 334 1558 alloquutus
341 1506 381 1553 est,
387 1505 409 1543 et
416 1503 555 1557 proquodam
561 1504 665 1557 pecuniae
671 1503 924 1546 summaeidemcustodi
932 1502 1012 1554 soluta,

140 1574 268 1615 facultatem
280 1572 385 1615 sacerdoti
397 1586 408 1613 e
421 1572 543 1614 carceribus
554 1572 611 1613 clam
627 1573 728 1623 exeundi,
741 1576 763 1614 et
774 1572 883 1614 dominica
893 1574 1012 1627 passionis,

142 1658 189 1686 rem
201 1658 285 1686 sacram
295 1644 319 1686 in
332 1643 378 1686 suis
390 1642 481 1685 aedibus
492 1642 586 1684 faciendi
597 1642 701 1695 obtinuit,
712 1642 750 1685 sed
762 1645 857 1694 astutus,
867 1643 965 1698 iniquus,
977 1657 1013 1698 pe-

142 1715 220 1756 cuniae
227 1713 361 1768 honorisque
369 1712 447 1754 avidus
455 1715 534 1762 custos,
542 1715 593 1767 post
601 1712 720 1754 sacerdotis
728 1711 858 1763 discessum,
868 1712 895 1754 ad
904 1713 1015 1768 quendam

143 1783 243 1839 Anglurn
253 1782 395 1832 haereticum,
406 1781 505 1823 militum
517 1781 645 1824 ducem—is
656 1782 716 1824 enim
728 1773 820 1824 rccatnr⁴
828 1781 893 1823 Neris
909 1782 947 1837 qui
963 1796 1015 1825 casu

140 1853 186 1894 illis
203 1852 280 1894 diebus
297 1865 346 1893 cum
365 1852 412 1893 suis
431 1850 541 1893 militibus
559 1851 583 1892 in
603 1842 664 1893 dicto
678 1850 757 1906 oppido
775 1850 907 1902 versabatur,
924 1865 947 1894 se
964 1866 1015 1894 con-

141 1923 208 1972 tulit3
229 1926 251 1964 et
262 1921 405 1964 conventione
421 1934 473 1963 cum
492 1934 516 1963 eo
536 1921 600 1972 facta,
619 1920 644 1962 de
660 1921 769 1975 petitione
788 1921 909 1977 quadama
929 1922 1015 1977 Regina

142 1991 270 2042 obtinenda,
282 1995 352 2033 totam
368 2005 414 2032 rem
431 1990 465 2032 1111
481 1991 574 2046 aperuit.
601 1991 668 2041 Dum,
682 2005 739 2042 vero,
751 2005 833 2046 magno
845 2006 895 2034 cum
906 1992 1014 2034 desiderio

142 2063 209 2104 talem
232 2062 274 2104 sibi
290 2062 375 2103 felicem
391 2060 469 2102 horam
486 2061 620 2115 expectabat,
638 2074 704 2115 quam
721 2061 891 2115 diligentissime
913 2062 1013 2104 sacerdos

141 2135 211 2173 totam
231 2130 292 2172 illam
314 2133 401 2170 noctem
427 2130 450 2170 in
477 2129 652 2171 confessionibus
679 2128 795 2170 audiendis
820 2131 963 2184 consumpsit,
992 2134 1013 2172 01

142 2212 229 2241 summo
239 2212 304 2240 mane
314 2191 378 2239 rebus
390 2197 492 2239 omnibus
508 2198 535 2238 ad
551 2210 637 2239 sacrum
652 2198 777 2240 faciendum
792 2199 881 2253 paratis,
902 2199 1013 2243 auditores

139 2269 187 2322 jam
202 2268 297 2309 confessi
313 2269 372 2316 sunt,
389 2267 413 2307 in
430 2265 521 2308 diuersis
539 2266 645 2308 cubiculis
661 2281 701 2322 pro
717 2267 760 2309 loci
776 2268 931 2310 commoditate
948 2269 1013 2311 dirisi

142 2338 237 2380 crationi
244 2341 346 2379 vacantes
355 2340 376 2377 et
385 2336 412 2378 ad
421 2336 598 2383 communionem
610 2350 633 2379 se
644 2341 786 2392 preparantes
795 2338 936 2381 morabantur
946 2354 951 2392 ;
969 2340 1013 2390 alii,
1072 2341 1074 2343 ’

142 2422 200 2459 vero,
212 2409 235 2450 in
246 2407 340 2449 oratorio
355 2407 430 2462 ipsum
445 2405 511 2447 altare
528 2406 642 2449 ornabant.
676 2407 782 2450 Sacerdos
794 2409 831 2464 qni
842 2409 913 2451 adhuc
929 2410 1013 2465 aliquos

81 2484 83 2488 ’
143 2477 302 2527 reconciliabat,
315 2480 337 2517 01
348 2475 427 2518 nobilis
438 2472 486 2530 ipse
496 2475 572 2518 Victor
587 2477 611 2518 in
627 2476 676 2518 aula
693 2491 733 2519 sua
749 2477 881 2528 ambulabat,
899 2482 921 2520 et
937 2493 1012 2534 expec-

142 2547 205 2589 tabat
216 2547 300 2602 aliquos
312 2546 366 2588 alios
377 2545 502 2588 Oatholicos
513 2548 624 2596 venturas,
637 2553 658 2588 et
669 2561 706 2590 eos
717 2548 755 2602 qui
766 2552 871 2590 venerant
886 2548 1012 2591 humaniter
1068 2585 1069 2588 ,

143 2617 226 2672 accepit
237 2620 259 2658 01
270 2630 320 2658 cum
331 2629 411 2671 magna
419 2615 524 2657 charitate
535 2615 562 2657 ad
574 2618 692 2660 oratorium
704 2618 774 2667 duxit,
787 2622 809 2660 01
821 2619 896 2660 statim
906 2619 929 2660 in
941 2619 1014 2660 aulam

144 2700 167 2727 se
179 2686 260 2741 recepit
271 2685 325 2727 alios
336 2688 461 2739 expectans.
493 2684 567 2727 Rebus
578 2685 609 2727 ita
618 2687 753 2742 compositis,
764 2701 812 2729 ecce
820 2687 1013 2742 depravatahaere-

143 2756 238 2797 ticorum
249 2754 346 2797 militum
358 2753 434 2796 cohors
442 2768 496 2810 quae
504 2754 599 2797 diversas
608 2770 647 2811 per
655 2757 701 2798 vias
711 2760 793 2798 secrete
802 2759 824 2798 et
831 2757 911 2812 absque
920 2756 1013 2811 strepitu
1088 2755 1097 2769 ⁸

143 2823 316 2873 111000011101111,
334 2823 423 2866 domum
440 2823 520 2866 nobilis
537 2824 634 2876 intrarit,
647 2826 720 2880 ipsum
737 2840 778 2881 que
796 2825 905 2883 Victorem
924 2826 947 2866 in
964 2825 1015 2868 aula

144 2893 295 2936 ambulantem
306 2894 397 2944 invenit,
410 2898 432 2936 et
443 2895 519 2936 statim
531 2893 680 2949 apprehendit,
698 2899 752 2937 tunc
767 2880 903 2937 nostratum
919 2893 1013 2938 clamore

146 2962 280 3005 sacerdotem
291 2963 387 3019 undique
398 2967 571 3018 perscrutantur,
584 2965 661 3020 priam,
674 2964 801 3007 custodibus
812 2962 839 3004 ad
854 2966 928 3018 portas
940 2964 1013 3008 obser-
