2416 3337
451 151 595 182 srrornaerou
611 151 754 183 ossoarnnsu.
993 141 1037 182 189

170 300 248 342 ultima
266 299 383 340 hominum
402 297 515 347 memoria,
534 297 585 351 plus
603 297 686 338 meruit
707 310 772 351 quam
792 296 832 338 SS.
854 297 912 339 Da.
935 298 1037 341 Urbanus

170 371 229 427 Papa
240 371 281 411 dm·
292 366 433 409 Eminentiae
444 369 529 408 vestrae
539 370 631 421 patruus
651 367 690 421 qui
707 366 731 407 in
749 366 857 409 Eoolesiis
869 368 951 409 nostris
962 367 1038 410 Pasto-

169 454 218 482 rum
238 438 314 481 solatio
333 437 446 480 destitutis
465 437 540 492 plures
558 437 668 480 ordinarit
678 437 805 489 Antistites,
818 452 911 493 quorum
922 452 987 494 opera
998 438 1039 480 sub

171 510 227 552 Suae
248 509 375 551 Sanctitatis
394 507 522 550 lelioissimo
541 508 645 564 auspicio,
663 508 728 551 vinea
747 507 799 550 Dni.
816 508 903 564 jamdiu
920 509 977 565 apud
998 522 1039 551 nos

169 578 258 630 11111111,
270 579 388 635 insigniter
407 578 541 620 reflorescit:
559 579 589 620 Et
606 587 666 621 oerta
686 578 750 622 nobis
770 593 820 635 spes
839 580 928 636 affulget
945 580 1037 622 Emum.

168 650 275 706 Nepotem
288 649 359 693 sami.
371 649 407 693 sui
423 649 497 692 Patris
513 649 611 705 vestigiis
630 648 782 701 inhaesurum,
803 653 825 692 et
841 650 924 706 patriae
941 654 1036 700 nostrae,

169 720 524 777 0011111111ς111111111111110111111
536 720 682 771 successione,
700 720 819 776 propitium
831 734 917 776 semper
928 721 1035 763 futurum.

169 792 299 848 Opinionem
307 791 364 834 hano
371 795 470 834 nostram
479 795 501 833 et
512 805 573 847 spem
582 791 719 834 confirmavit
727 795 826 843 eventus,
835 792 944 848 siquidem
951 791 1036 833 litteras

168 878 206 918 pro
224 862 311 918 publiea
329 862 395 918 hujus
416 862 542 905 Prouinoiae
561 876 626 904 oausa
647 863 675 905 ad
695 862 786 905 Emum.
806 863 871 907 Gard.
889 863 1036 907 Ludorisium

168 934 215 989 piae
226 933 351 983 memoriae,
362 946 401 988 per
411 946 446 974 me
458 932 538 974 missas
556 932 686 974 Eminentia
702 932 752 974 Vra.
768 934 852 988 aperire
863 934 952 987 dignata
962 937 996 976 est
1012 937 1035 975 et

169 1004 306 1060 negotiorum
313 1003 337 1045 in
345 1003 375 1045 eis
383 1005 536 1045 contentorum
544 1002 715 1045 sollieitudinem
721 1003 820 1058 piissime
828 1018 909 1059 gerere,
914 1005 1004 1059 perinde
1011 1018 1035 1045 ae

170 1073 188 1114 si
197 1072 601 1117 advestramEmam.Dominationem
609 1072 690 1114 missae
697 1075 771 1115 essent
775 1087 781 1122 3
793 1073 1036 1129 paternioerteaffeotus

169 1158 219 1200 erga
229 1159 270 1189 nos
281 1149 332 1189 tuos
343 1146 433 1188 affiiotos
446 1145 558 1187 Hibernos
574 1144 663 1187 euidens
675 1145 764 1199 signum
775 1148 797 1187 et
807 1145 860 1187 felix
871 1148 896 1188 ut
906 1144 1037 1188 ooniidimus

169 1229 238 1257 omen.
268 1216 415 1259 irradiantem
426 1217 495 1273 igitur
505 1215 569 1259 nobis
584 1216 608 1258 in
624 1215 695 1271 primo
708 1216 742 1258 sui
753 1219 802 1258 ortu
813 1230 865 1258 eum
875 1215 949 1258 tantae
960 1216 1036 1271 benig-

169 1285 244 1328 nitatis
259 1286 379 1341 splendore,
392 1287 522 1328 meritorum
538 1289 660 1328 vestrorum
677 1299 785 1337 auroram,
799 1286 898 1338 eandida,
911 1286 1036 1329 fauentibus

168 1358 260 1413 superis,
270 1362 373 1414 sequetur
382 1361 404 1401 et
414 1358 466 1400 felix
478 1358 531 1400 dies.
548 1356 678 1399 Clarissima
687 1360 759 1399 restra
769 1356 941 1400 Barberinornm
952 1357 1035 1399 familia

168 1429 230 1483 quasi
245 1429 290 1471 fato
307 1430 401 1484 quodam
412 1433 433 1471 et
444 1429 551 1484 singulari
561 1427 698 1485 providentia
713 1429 736 1470 in
752 1428 819 1484 hujus
831 1432 918 1472 nostrae
929 1428 1033 1472 Nationis

167 1498 273 1541 auxilium
284 1503 307 1541 et
318 1500 421 1542 solatium
431 1499 496 1542 rebus
507 1501 530 1547 in
542 1501 641 1556 angustis
650 1501 702 1542 data
709 1514 756 1543 esse
764 1500 860 1554 videtur3
871 1515 920 1543 vere
931 1514 969 1544 vos
978 1501 1033 1543 estis

168 1570 194 1612 de
210 1572 293 1613 semine
304 1573 401 1614 virorum
414 1572 503 1614 illorum
515 1584 553 1627 per
564 1585 617 1627 quos
629 1571 652 1613 in
664 1571 785 1613 Hiberniae
797 1573 866 1615 lsrael
878 1573 937 1615 salus
948 1572 1032 1615 affatim

167 1641 222 1683 faeta
233 1646 273 1693 est,
286 1645 308 1684 et
319 1643 412 1698 amplius
424 1642 509 1685 abunde
520 1642 618 1684 laoienda
631 1645 736 1697 speratur.
769 1641 819 1684 Tibi
829 1642 897 1698 igitur
905 1643 940 1695 (ut
950 1642 1033 1699 Regius

167 1713 198 1754 ait
207 1713 298 1768 psaltes]
309 1714 408 1756 derelicti
418 1728 496 1757 sumus
505 1728 610 1770 pauperes
621 1713 724 1765 Hiberni,
737 1712 841 1769 orphanis
847 1718 873 1757 tu
884 1714 926 1757 eris
935 1713 1033 1769 adjutor;

168 1782 207 1825 sut
228 1783 292 1826 Viae.
314 1784 455 1827 Eminentiae
477 1784 610 1840 praesidium
630 1783 777 1839 Coniugimus
794 1783 834 1827 sub
854 1784 930 1827 umbra
949 1784 1034 1826 alarum

166 1857 253 1895 tuarum
264 1855 350 1910 protegi
360 1855 453 1897 firmiter
469 1854 608 1897 oonfidimus.

210 1923 407 1968 Confirmationem
417 1925 506 1968 illorum
518 1929 652 1968 statutorum
663 1925 835 1968 Provinoialium
846 1923 980 1976 nostrorum,
994 1939 1033 1981 per

166 1995 218 2038 Rev.
237 1996 295 2038 adm.
314 1997 339 2039 P.
351 1996 377 2039 F.
395 1996 481 2039 Luoam
498 1987 625 2052 Vadingum
645 1996 724 2038 Emae.
744 1996 770 2038 V.
788 1996 842 2038 Dru.
854 1997 1031 2054 nominenostro

165 2070 320 2122 porrectorum,
329 2066 488 2122 dubiorumque
497 2068 520 2109 in
528 2081 664 2109 annexorum
672 2066 838 2117 resolutionem,
850 2066 1030 2122 reliquorumque

164 2137 226 2179 iniis
237 2140 390 2179 contentorum
410 2138 455 2180 sive
473 2151 524 2179 oum
542 2138 570 2180 iis
588 2150 743 2188 connexorum,
764 2137 933 2192 expeditionem,
953 2136 972 2178 si
982 2151 1028 2179 11011

165 2208 264 2263 sintjam
283 2208 390 2264 expedita,
408 2212 434 2250 ut
450 2211 532 2264 quanto
551 2208 616 2250 eitius
633 2207 681 2250 fieri
697 2208 784 2263 poterit,
804 2208 905 2263 expedire
924 2207 1029 2263 dignetur

164 2280 304 2323 obseoramus
314 2284 336 2322 et
346 2284 459 2336 tamquam
469 2281 517 2336 pias
528 2283 549 2321 et
564 2279 676 2322 ultroneas
687 2284 772 2322 restrae
783 2279 885 2322 tutelaris
896 2294 974 2336 operae
984 2280 1029 2335 pri-

164 2351 238 2393 mitias
249 2354 407 2408 exspectamus,
426 2352 444 2394 si
461 2351 517 2393 Suae
529 2349 645 2393 Sanotitati
656 2350 765 2394 videbitur
783 2365 880 2393 annuere
891 2352 954 2407 eujus
965 2350 1031 2393 nutui

165 2426 187 2463 11
197 2421 306 2465 voluntati
325 2434 365 2477 ego
381 2435 417 2464 me
432 2422 454 2463 in
472 2420 574 2464 omnibus
586 2434 673 2476 semper
692 2421 784 2477 supplex
801 2421 893 2477 subjicio
904 2436 943 2477 pro
959 2423 1031 2463 vestra

164 2493 262 2554 perenni
275 2492 379 2536 felioitate
396 2497 418 2535 11
436 2492 587 2535 incolumitate
609 2493 683 2535 Deum
704 2497 748 2548 opt.
767 2507 823 2535 mas.
846 2492 933 2536 assidue
955 2492 1030 2548 depre-

164 2567 258 2606 eaturus.

207 2654 291 2702 Datum
302 2660 325 2702 2⁰
335 2659 389 2704 Nov.
403 2660 468 2702 1633.

402 2752 480 2796 Emae.
493 2767 517 2796 ao
528 2752 631 2796 Revmae.
643 2752 713 2796 Dmn.
726 2754 787 2796 Vrae.

463 2836 560 2881 Humus.
580 2835 667 2889 Servus,

591 2921 667 2973 Hono,
679 2921 808 2975 Arohiepus.
819 2916 996 2969 Ardmaohanus,

677 2993 725 3034 Tot.
736 2989 904 3034 Η111Ρ111111.
