2416 3337
172 173 213 214 144
453 186 595 219 srronacrun
610 186 753 219 ossonrnrsu.

169 333 272 375 faturum
283 336 305 375 et
316 332 479 377 Catholicornm
497 336 649 379 consolationi.
682 337 818 393 Quapropter
828 334 923 378 eundem
934 349 976 392 quo
988 343 1038 391 pos-

172 417 224 446 sum
235 405 314 447 affectu
325 404 387 446 mma
397 406 511 449 Dnationi.
523 406 586 449 Vrae.
598 412 620 449 et
632 407 710 449 Sacrae
720 404 890 462 Congregationi
900 405 1039 448 commenda-

171 479 221 516 tum
232 479 291 530 opto.
302 476 405 518 Ceterum
417 477 437 518 si
446 477 554 533 promotio
564 477 612 532 ejus
631 475 750 519 differenda
761 477 790 519 sit
801 476 827 518 ad
842 476 1004 532 beneplacitum
1016 476 1037 517 S.

141 541 143 544 ’
173 542 211 586 Sa.
223 546 258 597 (ut
268 546 306 601 qui
316 560 354 601 pro
372 560 431 589 nunc
448 546 522 601 plures
539 547 595 590 nolit
612 546 746 603 promovere)
764 561 809 589 non
828 546 900 588 solum
918 561 971 602 rogo
983 548 1040 601 ipter

172 616 255 671 primos
267 618 315 672 ejus
326 616 401 658 haberi
412 618 526 668 rationem,
544 617 582 660 sed
598 618 664 659 etiam
682 616 834 672 praesentibus
845 616 963 659 admonere
974 618 1040 659 libuit

172 689 316 730 etinsinuare
327 687 389 728 fllfflr‘
398 688 510 730 Dnationi.
521 689 585 730 Vrae.
597 702 642 730 non
652 700 717 742 posse
725 687 773 728 sine
784 687 844 742 gravi
856 687 958 729 scandalo
969 689 1039 729 totius

171 759 225 801 cleri
236 762 258 800 et
270 758 358 814 speciali
368 758 489 801 offensione
499 759 574 814 populi
585 762 607 799 et
617 761 748 813 magnatum
763 757 833 799 dictae
848 756 954 801 dioecesis
969 758 1038 799 alium

171 830 220 884 ejus
235 828 282 869 loco
301 827 414 879 substitui,
434 842 505 883 neque
522 829 580 870 inter
597 841 635 870 eos
652 828 690 883 qui
706 840 754 869 earn
774 827 852 869 Sedem
867 827 1038 883 praetenderem

170 899 239 940 aliurn
249 897 344 939 inveniri
355 898 434 940 merito
451 902 473 939 et
490 898 573 941 talento
592 913 676 954 parem,
696 901 735 939 aut
754 898 821 939 etiam
839 898 877 953 qui
894 898 1000 941 damnum
1012 913 1038 940 ex

169 966 269 1024 ejusdem
280 967 333 1009 Dni.
345 967 467 1010 Malachiae
478 969 627 1012 summotione
638 983 776 1012 emersurum
787 982 886 1024 reparare
895 969 975 1025 possit.

215 1037 243 1079 ln
254 1052 348 1094 quorum
359 1038 434 1091 fidem,
444 1039 495 1082 Dat.
507 1040 589 1083 Rornae
601 1042 629 1083 18
642 1040 779 1097 Septembris
790 1040 857 1083 1626.

189 1119 191 1121 ’
633 1112 733 1163 Tricores,
750 1111 880 1166 Archiepus.
893 1110 1006 1154 Casselen.

553 1438 657 1482 XXXIV.

180 1553 291 1596 Parrrron
302 1564 329 1594 or
340 1564 386 1593 rna
398 1550 492 1593 &aanor
502 1562 545 1592 run
558 1549 671 1592 Nonmrrr
681 1562 709 1592 or
720 1563 765 1592 run
777 1551 878 1594 Droonsn
888 1564 916 1594 or
926 1551 1026 1594 Anniae

335 1634 362 1663 ro
380 1621 425 1664 His
441 1620 565 1672 Horarum,
583 1620 644 1661 20rn
659 1620 795 1673 Novunnun,
814 1621 876 1663 1626.

171 1737 311 1779 Bnarrssrnu
328 1736 413 1787 Parare,
846 1783 848 1787 y

216 1808 317 1850 Ecclesia
325 1807 478 1849 Ardrnaohana
485 1807 510 1848 in
516 1806 592 1862 Regno
600 1806 727 1858 Hiberniae,
737 1807 764 1849 ob
775 1811 868 1850 mortem
879 1807 954 1850 dilecti
962 1809 1038 1863 sponsi

172 1879 208 1921 sui
217 1878 255 1920 Fr.
266 1879 378 1935 Hugonis,
387 1880 405 1934 ej
408 1892 434 1920 us
441 1878 561 1933 nuperrimi
569 1877 739 1933 Archiepiscopi,
752 1879 840 1921 viduata
849 1878 924 1934 luget:
936 1879 1038 1920 nonnulli

172 1963 199 1991 ex
212 1948 341 1991 adversariis
354 1949 478 2004 praedictae
491 1947 614 2003 provinciae
627 1948 702 2003 procul
714 1948 780 1991 dubio
792 1949 877 1991 adeam
888 1950 1037 2005 occupandam

171 2020 291 2074 adspirant,
300 2020 338 2076 qui
345 2033 386 2061 neo
393 2020 417 2061 in
426 2034 451 2062 ea
456 2019 550 2061 residere
556 2033 597 2060 nee
604 2019 701 2061 fructum
708 2019 779 2061 ullum
787 2021 855 2062 facere
862 2024 966 2075 possunt;
980 2025 1036 2063 sata·

169 2093 246 2145 gentes
254 2103 299 2131 non
309 2090 333 2131 in
342 2088 492 2144 spiritualibus
502 2091 589 2130 tanturn
598 2088 637 2130 sed
644 2092 665 2131 et
673 2089 696 2130 in
704 2089 862 2145 temporalibus
869 2090 969 2145 ejusdem
978 2090 1037 2133 inco-

168 2161 200 2203 las
210 2164 232 2202 et
242 2163 357 2216 magnates
372 2161 434 2202 omni
452 2159 516 2202 modo
534 2160 656 2216 deprimere
664 2175 669 2211 ;
687 2160 746 2202 unde
764 2160 841 2203 turbae
854 2164 876 2202 et
887 2161 1037 2203 dissensiones

168 2246 218 2274 cum
230 2246 310 2287 magno
317 2231 440 2287 Religionis
449 2231 580 2275 detrimento
589 2231 695 2273 oriuntur.
724 2230 809 2281 Quibus
815 2234 840 2273 ut
848 2226 973 2274 occurratur
980 2235 1002 2274 et
1009 2246 1037 2273 ne

169 2315 204 2345 res
214 2302 326 2345 Ecclesiae
338 2317 382 2345 non
392 2303 457 2345 modo
468 2303 492 2344 in
502 2303 612 2358 provincia
624 2302 727 2344 Ultoniae
739 2302 778 2344 sed
788 2303 813 2345 in
822 2305 868 2344 1111
879 2303 946 2345 etiarn
956 2302 1037 2344 Hiber-

170 2375 208 2415 nia
218 2372 376 2415 detrimentum
386 2375 488 2429 patiatur,
501 2374 637 2430 supplicatur
648 2373 773 2416 humillime
786 2374 904 2416 Sauotitati
914 2373 1006 2415 Vestrae
1015 2377 1037 2414 et

170 2444 285 2499 inprimis
298 2448 346 2486 111111
358 2459 370 2485 1
381 2444 444 2487 Clero
455 2444 606 2486 Ardmachano
620 2446 781 2501 praecipuaque
796 2443 900 2486 Ultoniae
913 2443 1035 2498 nobilitate,

170 2519 218 2558 tum
230 2515 297 2557 etiam
308 2530 320 2557 a
330 2518 391 2569 parte
401 2515 644 2558 Excellentissimorunr
660 2516 789 2570 Principum
807 2514 913 2568 Tyroniae
925 2519 946 2557 et
958 2515 1036 2571 Tyren·

170 2585 536 2642 11111111,111111113111111111
552 2587 588 2628 Fr.
600 2587 779 2630 Bonarenturam
795 2585 938 2639 riagneaium
949 2585 1000 2628 Ord.
1014 2588 1036 2629 S.

169 2657 289 2707 Francisoi,
302 2655 419 2698 strictioris
431 2653 584 2707 observantiae,
596 2657 706 2698 Basilicas
721 2654 880 2696 Lateranensis
890 2655 1036 2710 poenitentia*

168 2730 233 2779 rium,
248 2727 355 2782 Tyroniae
365 2726 472 2782 principis
482 2731 591 2781 nepotem,
608 2728 676 2768 etiarn
688 2725 782 2768 Comitis
793 2725 820 2767 de
830 2725 928 2767 Entrum
939 2730 961 2768 et
972 2726 1034 2769 Vice-

126 2820 128 2823 ’
168 2799 256 2841 comitis
276 2798 302 2840 de
321 2796 422 2839 Rai'rilan
443 2794 514 2837 adhuc
534 2796 557 2837 in
578 2795 687 2837 Hibernia
708 2796 754 2837 suis
775 2795 921 2850 possessionis
942 2796 1036 2840 fruentis

168 2870 265 2919 fratrem,
278 2868 317 2924 qui
327 2866 435 2917 doctrina,
446 2864 569 2921 prudentia,
578 2865 660 2920 pietate
667 2878 691 2907 ao
702 2865 825 2908 animarum
833 2864 880 2908 uelo
891 2866 983 2911 eximius
994 2872 1035 2920 est,

168 2940 255 2982 vacanti
267 2939 319 2982 Sedi
330 2938 457 2994 subrogare.

231 3011 295 3062 Quod
305 3009 412 3064 faciendo,
425 3010 463 3052 111.
