2416 3337
421 137 564 169 srrcrnnerurr
581 136 723 166 cssoamrsn.
967 120 1009 163 143

141 274 253 342 aliquibus
263 288 340 326 tamen
351 281 468 332 committi,
480 279 575 336 expedit,
587 284 613 321 ut
627 293 706 321 omnes
721 281 903 321 commoneantur
914 282 1011 332 exparte

142 357 162 399 S.
172 355 287 411 congris,
298 358 352 395 etm.
362 352 535 404 comminatorie,
544 355 571 393 ut
582 364 605 394 se
613 349 736 394 emendent.
759 349 782 391 Si
790 349 852 391 Deus
863 361 904 390 ncs
913 362 937 390 eo
945 348 1012 389 [larne-

140 428 170 469 rit
177 425 256 475 salros,
265 437 328 478 spero
335 423 443 479 loquendo
452 420 519 465 rerba
525 422 584 464 lenia
590 420 671 464 lucrari
677 419 829 476 coadjutorum
836 419 930 461 animos.
948 417 1013 459 Faxit

140 495 211 545 Deus,
223 497 249 536 ut
265 508 307 537 nos
321 493 371 550 Epi.
386 494 418 537 ita
436 497 512 535 nostro
531 505 621 535 munere
637 492 765 547 fungamur,
782 494 808 532 ut
824 502 870 532 non
884 502 1013 531 censeamur

141 564 281 607 dominantes
292 565 316 606 in
335 564 398 617 clerc,
417 562 456 606 sed
471 564 542 606 forma
557 563 610 605 facti
626 562 700 618 gregis
716 575 743 603 ex
760 562 841 603 animo.
875 559 899 602 Si
908 558 936 601 V.
947 559 1011 601 Rma.

141 634 209 691 cupit,
231 638 257 677 ut
273 634 301 677 de
319 635 429 692 aliquibus
450 634 530 678 horum
550 634 649 690 capitum
669 631 733 688 plura
752 631 861 683 dicantur,
883 629 971 673 veniam
987 643 1012 671 eo

142 706 228 762 quando
244 706 359 763 placuerit.

186 777 280 821 Interim
291 779 321 820 D.
333 778 357 820 Ο.
368 778 398 819 Μ.
410 778 483 820 Viam.
496 777 562 819 ΗΜ·
572 777 601 819 D.
613 776 782 819 dinconserret.

294 848 336 889 Ex.
349 847 371 889 S.
382 847 468 890 Isidoro
479 847 520 889 hac
531 846 565 888 die
578 848 591 888 3
602 846 707 902 Augusti,
720 846 785 888 1626.

525 916 565 958 ra.
583 915 659 968 Huco,
676 915 806 970 Archiepus.
818 914 978 965 Armaolranns,

526 986 550 1028 Τ.
567 986 690 1029 Hiberniae
701 985 795 1028 Primos.

520 1338 629 1382 XXXIII.

167 1447 262 1488 Lnrraa
278 1459 305 1488 cr
322 1458 367 1488 rna
383 1444 531 1487 Aacnarsnor
546 1458 574 1486 or
590 1445 681 1487 Orsnnn
698 1457 724 1487 ro
745 1458 790 1487 rna
809 1446 941 1490 Sueanrlar
957 1461 983 1490 or

383 1517 537 1566 Pacarerunr,
549 1516 610 1557 18rrr
622 1516 694 1567 Sarn,
707 1516 773 1558 1626.

415 1607 475 1649 (Fron
487 1615 525 1639 nnn
537 1606 566 1639 Sr.
578 1606 671 1639 Ismoan's
684 1605 744 1639 MSS)

141 1699 209 1741 rnre·
223 1710 250 1740 le
266 1698 313 1741 ΒΜ
329 1699 426 1742 Dourun.

187 1768 247 1811 Ante
263 1770 425 1824 promotionem
440 1782 514 1811 meam
530 1768 649 1810 institutus
665 1771 700 1809 est
716 1766 816 1809 Vicarins
831 1766 889 1822 ΛΡΜ·
900 1768 1011 1812 Dioecesis

140 1838 266 1881 Laonensis
276 1838 300 1880 in
311 1839 422 1894 prouincia
433 1852 482 1881 mea
494 1838 620 1881 Casselensi
638 1835 687 1879 Pd'ss'
699 1836 772 1879 Dnus.
782 1836 905 1880 Malachias
917 1838 1012 1889 Quelens

142 1908 219 1950 Sacrae
231 1907 364 1964 Theologiae
375 1909 456 1960 doctor,
473 1912 494 1951 et
509 1908 609 1964 ejusdem
623 1906 728 1949 dioecesis
741 1907 856 1958 naturalis,
870 1908 909 1950 Vir
919 1923 1012 1965 magnae

142 1978 285 2022 sufficientiae
295 1983 318 2020 et
328 1980 407 2030 meriti,
420 1979 459 2034 qui
469 1979 596 2033 injunctum
611 1978 761 2019 ministerium
772 1992 853 2033 magna
864 1979 1011 2022 sollicitudine

143 2052 165 2090 et
181 2048 255 2090 fructu
273 2048 348 2100 obivit,
367 2049 502 2105 eandemque
521 2049 645 2099 dioecesim,
658 2047 740 2089 clerum
758 2051 780 2088 et
795 2048 902 2102 populum
918 2050 1010 2092 notabili

142 2118 242 2161 omnium
253 2118 321 2160 etiam
336 2118 496 2160 haereticorum
512 2118 662 2160 aedificatione
678 2116 803 2158 reformavit
818 2117 842 2158 in
853 2119 1011 2174 temporalibus

142 2193 164 2231 et
175 2189 335 2244 spiritualibus,
348 2193 373 2231 ut
384 2188 411 2231 ab
422 2188 499 2232 ecdem
510 2188 547 2231 alii
564 2187 628 2243 regni
637 2186 731 2242 praelati
741 2187 868 2241 exemplum
879 2190 974 2245 quisque
987 2191 1011 2233 in

143 2272 183 2302 suo
195 2258 297 2301 districtu
309 2272 395 2302 sumere
402 2272 447 2302 non
459 2258 592 2301 dubitarent.
623 2255 691 2299 Hunc
707 2256 734 2299 ad
746 2256 838 2299 eandem
849 2258 925 2302 sedem
935 2264 1011 2316 poeta·

142 2330 174 2372 lat
189 2330 290 2372 unanimi
307 2343 415 2373 consensu
434 2329 505 2373 clerus
527 2333 548 2371 et
568 2328 664 2385 populus
684 2327 784 2384 eiusdem
800 2328 915 2382 dioecesis,
932 2331 1011 2387 quibus

143 2400 235 2442 accessit
245 2400 378 2456 Magnetum
389 2400 488 2456 specialis
500 2413 565 2456 super
580 2399 622 2441 1100
637 2399 769 2441 transmissa
780 2398 808 2441 ad
819 2400 922 2443 Sanctam
935 2401 1012 2444 Sedem

142 2471 269 2526 postulatio,
279 2475 411 2514 concurrunt
423 2476 445 2515 et
455 2472 542 2528 proprio
558 2475 622 2514 motu
632 2471 705 2513 totius
715 2471 778 2526 regni
788 2471 881 2526 praelati
896 2471 956 2515 Eccl·
967 2478 1012 2516 tam

143 2541 253 2583 seculares
264 2555 331 2597 quam
342 2541 463 2597 Regulares
474 2545 500 2585 ut
517 2556 544 2584 ea
556 2542 697 2585 transmissis
714 2541 741 2583 ad
753 2540 882 2585 defunctum
893 2543 1012 2585 Hiberniae

143 2609 264 2653 Primatem
286 2611 366 2654 Reum*
383 2612 476 2655 Petrum
493 2611 645 2655 Lcmbardum
668 2611 856 2655 commendatitiis
877 2618 969 2665 constat,
991 2619 1012 2656 et

144 2680 274 2724 exhibendis
285 2682 408 2724 etiamnum
420 2682 508 2738 quando
519 2683 594 2725 audire
604 2681 713 2738 placuerit
724 2685 763 2724 aut
773 2682 846 2725 ridere
857 2684 881 2726 in
892 2684 932 2727 hoc
943 2684 1011 2726 totius

144 2748 196 2790 cleri
203 2755 264 2803 ucta;
277 2752 332 2807 quin
341 2752 474 2795 etiamnunc
481 2753 539 2795 nihil
546 2754 684 2809 frequentius
693 2752 815 2796 solicitatur
822 2753 849 2796 ab
856 2754 938 2795 eisdem
945 2767 1010 2808 quam
1061 2759 1064 2763 ’

143 2822 169 2861 ut
179 2823 288 2874 promotio
300 2821 371 2865 dictae
388 2837 494 2879 personae
513 2823 615 2867 effectum
631 2823 718 2874 habeat,
736 2822 801 2878 idque
817 2822 873 2864 milri
883 2826 909 2864 nt
920 2821 1012 2866 Sanctae

145 2889 197 2931 Sedi
210 2891 307 2944 placeret
321 2898 372 2935 ante
383 2895 457 2937 omnia
470 2895 495 2937 in
508 2896 565 2939 rotis
580 2900 622 2948 est,
639 2900 666 2938 ut
679 2894 717 2950 qui
732 2896 833 2947 expertus
847 2893 889 2934 sim
903 2898 1013 2948 quantum

144 2960 186 3003 hoc
197 2959 267 3002 dictae
279 2961 386 3005 dioecesis
396 2964 522 3008 Laonensis
531 2967 642 3021 totiusque
653 2963 775 3019 provinciae
786 2975 847 3005 meae
858 2963 973 3007 commodo
985 2965 1014 3008 sit
