2416 3337
220 198 263 242 212
503 209 648 239 srrcraaorun
664 208 807 239 ossoumrsn.

219 357 391 414 tempestatibus
398 358 494 415 agitatus
503 358 563 415 graii
571 357 647 401 morbo
655 358 776 410 conflictam
786 372 837 401 cum
845 357 979 414 appulissem
984 360 1085 414 quatuor-

221 428 297 472 decem
308 430 394 473 dierum
406 431 475 487 spatio
487 431 529 473 sub
540 430 674 473 medicorum
686 445 737 474 cura
746 430 779 473 1111
787 434 833 473 tam
844 431 867 473 in
878 430 952 474 insula
962 430 1009 473 11111
1020 443 1086 486 quam

222 500 335 558 Repellae,
347 502 406 544 unde
422 502 501 544 debilis
517 506 540 544 et
556 502 666 545 invalidus
682 506 704 544 et
720 503 780 545 iners
797 516 833 545 me
850 503 969 555 committo,
981 502 1086 559 quinqua-

222 575 348 629 generarius
359 587 409 616 cunr
422 574 561 629 sexagenario
572 574 673 615 consocio
684 587 739 616 meo.

267 644 381 686 Habemus
390 643 491 685 1111111111
500 643 607 684 Hibernia
614 642 709 684 intactas
717 643 799 698 aliquas
808 643 953 686 Residentias.
975 644 1085 687 P.Barna-

221 715 261 757 bas
280 713 448 756 Commissarius
464 716 546 762 noster,
559 715 606 754 octo
625 711 700 753 leucas
715 711 810 754 distabat
820 712 925 755 Dublinio
943 723 993 755 curn
1007 727 1047 756 nos
1062 714 1086 757 in

183 818 185 822 ,
222 784 311 826 exilium
322 784 460 825 mitteremur
470 782 494 823 in
505 782 552 824 ioco
563 780 641 823 dubiae
657 781 788 824 securitatis.
821 782 845 824 Si
863 782 969 825 Hibernis
979 783 1086 826 adfuisset

220 855 281 910 eopia
291 853 418 896 bellicorum
429 854 627 896 instrumentorum
632 852 776 908 jamdudum
786 856 832 896 tota
844 854 917 897 insula
926 854 992 911 potiti
1003 858 1084 899 essent.
1123 899 1125 903 ξ

266 923 374 967 itlirabilis
396 929 429 966 est
449 924 510 967 zelus
532 923 696 966 Catholioorum
720 923 793 967 Deum
814 925 910 981 quotidie
931 925 1040 968 orantium
1060 928 1086 967 ut

220 994 328 1036 Catholici
345 995 458 1037 victoriam
475 994 578 1037 habeant.
611 994 655 1037 Sed
672 998 695 1037 et
712 993 747 1037 liic
766 995 790 1036 in
802 994 881 1037 Gabiis
891 1009 926 1038 res
941 996 972 1038 ita
983 995 1041 1038 cordi
1052 998 1086 1037 est

220 1064 339 1107 Catholicis
350 1065 409 1121 quod
425 1068 510 1120 praeter
521 1066 641 1107 viscerosas
657 1079 712 1121 quas
723 1065 770 1108 Deo
781 1066 877 1108 fundunt
891 1081 974 1122 preces,
986 1066 1086 1109 nonnulli

221 1151 286 1192 super
307 1137 436 1179 contritione
457 1136 550 1193 Joseplri
571 1137 641 1179 nostri
663 1137 728 1178 etiam
755 1136 782 1178 ad
807 1137 913 1192 iacrymas
935 1138 1083 1180 stimulentur.

221 1208 315 1251 Obsecro
327 1207 455 1250 charitatem
466 1207 568 1250 Vestram
579 1212 605 1249 ut
618 1206 796 1249 commendatum
807 1207 904 1250 babeatis
915 1208 938 1249 in
950 1208 1085 1251 orationibus

220 1284 243 1322 et
254 1280 341 1321 Sanctis
353 1279 468 1321 Sacrificiis
478 1282 525 1320 tam
535 1278 614 1321 restris
626 1291 693 1333 quam
709 1277 801 1319 fratrum
813 1278 953 1321 subditorum
962 1283 1084 1321 vestrorum

220 1354 302 1394 statum
313 1349 443 1391 Hiberniae.

263 1420 384 1463 Justioiarii
405 1424 427 1462 11
448 1420 573 1462 Consiliarii
595 1420 663 1476 Regis
681 1419 782 1463 Dublinii
800 1420 847 1476 ejus
866 1423 927 1462 erant
945 1421 1014 1476 primo
1034 1436 1084 1464 sen-

218 1494 306 1544 tentiae,
319 1492 376 1548 quod
387 1492 508 1535 Universos
518 1506 559 1534 nos
572 1492 660 1547 (viginti
671 1506 758 1534 eramus
774 1491 874 1543 numero)
886 1491 981 1547 patitulo
993 1507 1084 1548 suspen-

218 1564 301 1615 derent,
321 1563 360 1606 sed
378 1562 490 1605 obnitente
514 1564 593 1606 comite
612 1563 745 1605 Ormondiae
764 1566 785 1604 et
801 1563 932 1618 quibusdam
949 1563 998 1606 aliis
1014 1564 1085 1606 satius

217 1635 328 1677 duxerunt
346 1634 495 1676 transmittere
512 1648 553 1675 nos
570 1634 593 1674 in
606 1633 741 1683 (1111111111
759 1637 834 1675 tamen
845 1632 901 1688 quod
918 1632 1037 1676 Navarolris
1051 1633 1082 1686 (in

219 1707 273 1748 duas
285 1705 434 1747 dividebamur
441 1703 516 1759 nares)
528 1704 622 1746 liberum
633 1704 689 1745 foret
708 1703 832 1758 demergere
843 1717 883 1745 nos
898 1705 923 1762 in
936 1704 1005 1747 altum
1016 1719 1082 1756 mare,

221 1776 278 1819 sicut
293 1775 341 1830 ipse
352 1773 479 1817 Nararebus
490 1777 566 1817 noster
576 1774 672 1816 narrarit
683 1772 762 1826 nobis3
779 1774 817 1829 qui
824 1777 898 1816 tamen
909 1779 1028 1817 renuerunt
1039 1780 1085 1817 tam

220 1849 317 1889 immane
334 1846 404 1888 scelus
421 1847 565 1888 committere.
609 1846 701 1887 Utinam
718 1844 779 1901 digni
795 1845 913 1888 fuissemus
930 1850 969 1888 aut
983 1846 1082 1902 patibulo

221 1917 326 1973 suspendi
336 1921 375 1959 aut
385 1917 409 1958 in
420 1931 478 1959 mare
490 1917 595 1973 demergi.

263 1988 358 2029 Litteras
370 2001 397 2030 ex
407 1988 507 2043 partibus
518 1991 557 2029 aut
571 1987 680 2042 portubus
691 1987 747 2029 eirca
757 1986 880 2029 Dublinum
891 2001 956 2030 nemo
967 1987 1032 2030 audet
1045 1992 1083 2030 1111

218 2060 270 2101 bine
280 2058 333 2101 illue
343 2062 498 2114 transportare.
532 2058 592 2101 Patri
603 2058 717 2100 Barnabae
727 2071 772 2100 non
783 2062 818 2103 est
836 2072 936 2101 securum
948 2062 986 2101 aut
1004 2058 1081 2115 degere

216 2129 255 2173 ubi
271 2133 305 2172 cst
322 2133 360 2171 aut
378 2129 430 2172 inde
446 2130 549 2186 quopiam
566 2143 588 2172 se
607 2129 732 2172 transferre.
765 2128 800 2170 Ita
818 2128 927 2171 militibus
943 2129 1042 2186 Anglicis
1059 2129 1084 2171 in

216 2201 384 2244 Ecclesiasticos
405 2201 548 2243 ferocissimis
573 2205 620 2243 tota
641 2201 679 2243 illa
700 2214 749 2257 pars
771 2200 858 2244 Patriae
880 2201 1026 2244 residentibus
1044 2215 1084 2244 ceu

216 2272 363 2329 praesidiariis
374 2272 398 2314 in
409 2274 486 2314 eastris
497 2272 604 2315 nobilium
615 2272 699 2328 passim
710 2273 795 2315 incessa
804 2276 844 2314 est.
878 2272 892 2315 J
893 2287 928 2315 am
940 2273 1038 2329 expletus
1050 2277 1084 2315 est

217 2343 302 2385 mensis
312 2356 370 2385 unus
382 2357 409 2384 ex
419 2357 461 2398 quo
472 2343 578 2386 Dublinio
590 2340 690 2395 discessi,
703 2344 760 2400 quod
771 2344 846 2386 exilio
857 2347 955 2401 tempore
965 2345 1048 2387 factum
1055 2344 1085 2386 sit

218 2415 304 2469 ignoro.

264 2495 363 2546 Pictavii7
377 2495 477 2548 1111111,
490 2497 554 2539 1642.

308 2577 385 2620 Rmae.
398 2576 452 2620 P.V.
483 2577 554 2620 Filius
566 2582 587 2620 et
599 2580 679 2623 Servus
690 2579 781 2623 humus.
792 2581 816 2622 in
828 2579 888 2630 Xto.,

382 2665 423 2708 Fa.
435 2664 556 2718 Nroonnus,
570 2666 638 2724 Capu*
650 2668 772 2719 Hibernus,
785 2667 839 2722 Sup.
853 2666 950 2709 aaaron
962 2648 1051 2710 Dublin.

262 2767 431 2818 Rs-Status,
451 2765 575 2821 coeterique
592 2766 696 2810 baeretici
713 2782 725 2810 a
741 2767 813 2809 multo
827 2767 873 2822 jam
891 2771 987 2824 tempore
1005 2769 1099 2816 minat'v

216 2842 270 2881 sunt
281 2842 371 2882 cunctos
388 2837 539 2881 Dublinenses
556 2836 681 2881 0111111111
698 2838 791 2894 spoliare
809 2837 879 2880 bonis.
917 2840 983 2883 Unus
994 2840 1081 2885 illorum

217 2909 343 2953 Colonellus
362 2910 453 2964 Gybson
465 2909 521 2952 serio
537 2908 652 2951 affirmarit
661 2909 703 2951 hoe
714 2923 757 2952 non
775 2910 874 2953 futurum
890 2924 1004 2970 quousque·
1013 2917 1082 2956 totam

217 2981 295 3023 urbem
307 2981 455 3025 sacerdotibus
466 2984 488 3024 et
499 2980 619 3037 Religiosis
630 2984 779 3032 exonerarent
791 2980 920 3040 illorumque
936 2986 1082 3040 praesentiam

189 3065 194 3073 ¹
218 3053 308 3095 unicum
319 3066 366 3096 esse
377 3052 521 3096 obstaculum.
553 3052 615 3095 Deus
625 3051 744 3097 confundat
754 3053 871 3097 consilium
881 3069 964 3099 eorum.
