2416 3337
214 168 242 210 36
494 178 638 211 srromuorun
655 179 797 212 ossoararsn.

213 333 235 372 et
252 329 358 385 (tollagiis
374 330 491 386 erigendis,
507 330 639 388 illorumque
654 332 792 383 Rectoribus,
808 330 927 385 Magistris,
941 326 1078 377 Doctoribus,

215 401 357 445 Scholaribus
369 405 391 445 ot
402 402 561 459 (tollegialibus
571 403 595 445 in
610 403 655 445 illis
671 418 710 459 pro
726 407 823 459 tempore
842 400 988 444 existentibus
998 414 1022 441 10
1032 396 1080 441 aliis

215 472 285 516 studii
293 486 357 516 causa
365 474 422 517 inibi
432 474 619 517 commorantibus
630 474 688 530 quod
699 474 800 517 omnibus
812 476 834 515 et
850 471 943 527 singulis
953 468 1080 527 privilegiis,

214 544 361 596 libertatibus,
388 545 576 596 immunitatibus,
603 545 688 600 gratiis,
715 543 891 600 exemptionibus
916 540 1080 598 praerogativis

214 616 401 668 concessionibus,
424 617 542 668 favoribus,
567 620 589 658 et
611 616 712 668 indultis,
737 614 898 658 Parisiensibus
918 617 940 656 01
960 613 1081 656 Lovanien-

215 687 278 730 sibus
303 687 407 742 praefatis
433 700 457 729 ao
483 686 533 729 aliis
559 685 749 729 Universitatibus
776 688 798 727 et
826 684 929 740 Gollegiis
958 681 1081 739 approbatis

214 772 333 814 eorumque
359 757 500 810 Doctoribus,
527 757 649 812 Magistris,
679 757 817 808 Licentiatis,
847 754 1001 805 Baochalariis,
1022 753 1081 795 ¹Rec-

212 829 306 880 toribus,
334 827 475 870 Scholaribus
505 832 527 871 et
558 828 715 884 Collegialibus
743 843 782 884 pro
809 831 904 884 tempore
936 823 1081 869 existentibus

212 900 376 957 quomodolibet
390 902 501 943 concessis
512 904 534 958 et
550 902 703 953 concedendis,
715 916 739 943 ac
750 900 830 958 quibus
846 904 947 951 utuntur,
958 899 1081 955 potiuntur,

211 975 234 1030 01
244 970 347 1027 gaudent,
357 971 431 1021 101111,
443 972 509 1027 potiri
520 975 542 1014 et
553 972 647 1027 gaudere
654 976 759 1028 poterunt
769 971 930 1029 quomodolibet
940 971 964 1012 in
974 970 1081 1019 futurum,

212 1043 280 1085 etiam
291 1040 364 1098 quoad
376 1041 492 1085 Scholares
507 1047 559 1099 post
574 1043 700 1099 legitimum
712 1044 780 1087 studii
790 1047 878 1098 tempus
889 1042 916 1084 ad
930 1055 1006 1085 omnes
1017 1040 1082 1083 etiam

211 1114 345 1156 Doctoratus
362 1117 384 1155 et
397 1113 522 1169 Magisterii
538 1128 562 1157 10
577 1115 749 1167 Licentiaturae,
761 1128 799 1158 nec
811 1128 856 1157 non
871 1113 1047 1166 Bacchalariatus
1057 1110 1081 1151 in

211 1182 355 1226 facultatibus
365 1184 469 1239 praefatis
480 1183 562 1240 gradus
573 1199 622 1228 cum
634 1186 704 1229 solitis
720 1185 822 1241 insigniis
833 1188 855 1226 et
869 1183 1023 1239 praerogativis
1033 1194 1081 1237 pro-

213 1254 348 1298 movendum
363 1254 511 1310 paritormitcr
522 1258 544 1298 et
554 1255 635 1311 absque
645 1256 692 1298 nlla
701 1257 790 1312 penitus
801 1254 923 1296 differentia
938 1254 962 1295 in
978 1252 1080 1295 omnibus

213 1331 235 1368 et
243 1340 283 1382 per
291 1327 366 1368 omnia
376 1326 467 1381 proinde
477 1341 502 1368 10
513 1327 532 1369 11
543 1325 587 1368 illis
598 1327 621 1368 in
632 1328 703 1382 specie
711 1340 813 1370 concessa
823 1325 917 1368 luissent
927 1325 968 1376 uti,
977 1325 1050 1380 potiri,
1058 1327 1080 1365 et

212 1396 308 1452 gaudere
327 1397 396 1439 libere
415 1400 436 1439 et
457 1397 516 1439 licite
536 1397 621 1452 possint
641 1401 663 1439 et
684 1398 771 1440 valeant
786 1396 844 1439 dicta
861 1395 992 1438 authoritate
1010 1395 1079 1451 Apos-

211 1467 278 1510 tolica
287 1466 419 1523 indulgeant
435 1467 509 1510 eadem
525 1467 656 1510 authoritate
666 1472 742 1511 tenore
757 1467 906 1524 praesentium
923 1466 1080 1507 committimus

212 1542 234 1581 et
252 1538 384 1580 mandamus
400 1539 474 1594 eisque
488 1543 510 1581 et
528 1552 603 1581 eorum
621 1539 684 1581 alteri
702 1543 724 1581 et
742 1537 868 1593 delegandis
883 1537 985 1593 praefatis
1001 1541 1026 1579 nt
1042 1550 1080 1592 pro

214 1609 334 1651 directione
355 1611 378 1651 01
404 1609 572 1651 manutentione
593 1622 617 1649 ao
641 1609 700 1651 felici
726 1608 831 1664 regimine
859 1608 1034 1650 Universitatum
1059 1611 1081 1649 et

214 1680 364 1735 Collegiorum
381 1680 535 1736 erigendorum
550 1680 686 1735 hujusmodi,
697 1680 828 1736 illorumque
846 1693 988 1735 personarum
999 1683 1021 1721 et
1032 1678 1080 1721 Col-

212 1750 328 1806 legialium
346 1764 498 1806 quaecumque
517 1753 599 1793 statuta
619 1749 794 1794 Constitutiones
815 1753 836 1791 et
856 1749 1003 1793 ordinationes
1021 1750 1080 1792 licita

212 1825 288 1863 tamen
299 1825 320 1862 et
331 1820 424 1863 honesta
435 1824 456 1862 et
468 1820 540 1863 Sacris
552 1819 679 1864 Canonihus
690 1834 734 1863 non
744 1821 851 1863 contraria
861 1820 968 1863 condendi
984 1824 1005 1862 et
1015 1823 1079 1877 prcut

212 1892 308 1949 qualitas
318 1892 424 1947 temporis
435 1891 458 1933 id
468 1891 564 1947 exegerit
574 1905 599 1932 ao
610 1884 727 1946 expediens
737 1891 802 1934 fuerit
820 1891 859 1933 illa
869 1892 970 1935 mutandi
981 1895 1002 1934 et
1012 1892 1077 1934 refor-

212 1962 297 2014 mandi,
313 1961 400 2017 aliaque
421 1961 448 2003 de
462 1976 519 2004 nouo
536 1960 622 2012 edendi,
639 1976 695 2017 quae
714 1966 837 2017 postquam
851 1961 936 2004 condita
955 1966 1041 2005 mutata
1056 1966 1078 2004 01

211 2036 328 2077 reformata
339 2047 362 2075 10
372 2033 399 2075 de
409 2047 464 2076 novo
472 2033 531 2075 edita
538 2033 628 2084 fuerint,
637 2047 662 2075 eo
673 2034 721 2089 ipso
730 2033 804 2075 eadem
813 2033 944 2076 authoritate
952 2035 1078 2087 confirmata

211 2109 233 2147 et
247 2103 364 2160 approbata
375 2103 422 2145 sint
438 2118 461 2145 ac
472 2117 521 2146 0110
532 2106 669 2155 censeantur,
682 2118 706 2145 10
715 2118 755 2159 per
765 2117 911 2160 quoscumque
926 2104 1078 2147 inviolabiliter

211 2175 321 2220 observari
332 2173 433 2226 debeant,
442 2178 464 2216 et
473 2174 501 2216 ad
511 2172 534 2216 id
545 2174 611 2215 etiarn
626 2175 726 2216 censuris
737 2178 760 2216 et
774 2174 850 2229 poenis
862 2175 1019 2220 Ecclesiasticis
1029 2177 1077 2232 cogi

211 2252 233 2290 et
249 2245 350 2301 compelli
365 2246 452 2300 possint
472 2260 497 2287 10
514 2244 567 2287 alias
588 2245 671 2287 eisdem
696 2243 863 2299 Archiepiscopo
884 2248 904 2286 et
924 2246 1078 2302 Davidisuper

195 2363 197 2368 ,
211 2315 448 2374 praemissisomnibus
453 2319 474 2357 et
482 2315 577 2370 singulis
584 2315 767 2370 plenamliberam
772 2317 792 2356 et
799 2315 945 2357 omnimodam
952 2317 1077 2359 facultatem

212 2386 346 2431 authoritate
354 2388 376 2427 et
383 2388 459 2427 tenore
466 2385 595 2440 praemissis
603 2385 743 2445 concedimus
753 2388 774 2426 et
780 2384 916 2439 impertimur
923 2401 929 2436 ;
947 2385 1077 2442 Supplentos

213 2470 290 2502 omnes
311 2459 334 2498 et
352 2455 453 2511 singulos
469 2455 531 2497 Juris
547 2458 569 2496 et
584 2455 636 2497 facti
651 2469 675 2497 ac
694 2454 872 2498 substantialium
887 2455 959 2498 forsan
975 2457 1076 2499 omitten-

213 2528 292 2572 dorum
309 2527 409 2569 defectus
426 2526 445 2569 si
460 2526 499 2582 qui
514 2525 588 2568 forsan
599 2526 757 2568 intervenerint
767 2526 790 2567 in
801 2524 897 2578 eisdem3
913 2525 945 2569 Ac
959 2529 1077 2571 erectiones

212 2605 234 2643 et
259 2599 420 2649 institutiones,
443 2611 467 2639 ao
488 2597 646 2649 concessiones,
668 2597 831 2653 applicationes,
853 2600 875 2638 et
894 2599 1076 2653 appropriationes

211 2672 335 2728 aliquorum
350 2667 472 2724 praemissa
488 2669 605 2722 postquam
615 2671 640 2709 ut
656 2668 776 2722 praefertur
791 2667 846 2709 iacta
861 2668 955 2720 fuerint;
972 2669 1017 2712 Nec
1033 2683 1075 2713 non

210 2744 337 2800 praesentes
345 2740 431 2782 litteras
441 2739 504 2781 nullo
511 2752 609 2793 unquam
615 2742 712 2794 tempore
719 2738 746 2780 de
756 2738 897 2793 surreptionis
905 2740 938 2783 vel
946 2739 1075 2796 obreptionis

209 2816 261 2858 vitio
271 2828 309 2857 seu
318 2812 362 2855 alio
369 2811 447 2868 quovis
454 2809 539 2852 defectu
550 2810 620 2851 notari
629 2823 668 2852 seu
674 2810 799 2865 impugnari
807 2813 845 2852 aut
855 2812 955 2863 revocari,
964 2813 1074 2868 suspendi,

210 2887 244 2928 vel
253 2883 344 2928 limitari
353 2896 426 2940 posse,
435 2881 474 2925 sed
484 2881 523 2922 illa
534 2879 604 2922 valida
615 2884 636 2922 et
647 2880 740 2922 efficacia
750 2884 854 2935 perpetuo
865 2881 1073 2940 1010110100οΡΙο-
1089 2927 1090 2931 ,

210 2958 282 2999 narios
293 2956 383 2999 effectus
391 2953 464 2999 1011111
472 2969 478 3006 ;
492 2953 571 3007 Sisque
577 2966 615 3007 per
622 2965 772 3009 quoscumque
780 2951 869 2996 ludices
878 2956 899 2996 et
907 2953 1073 3000 Oommissarios
