2416 3337
368 202 512 232 SPICILECIUM
527 199 669 230 OSSORIHNSE.

87 354 188 398 omnibus
200 351 321 394 Christiani
333 349 397 392 Orbis
408 346 507 404 partibus
523 360 568 388 non
585 345 695 387 defuerint
711 359 803 400 quorum
820 359 871 400 erga
887 345 953 388 Rern-

86 426 195 482 publicam
206 421 322 476 diligentia
337 420 499 463 Universitates
519 416 643 460 studiorum
662 414 798 472 generalium
815 420 837 458 et
857 416 955 473 Collegia

86 493 208 550 exquibus
224 506 313 547 egressa
331 491 433 533 iuventus
449 488 520 531 literis
531 488 639 543 bonisque
654 487 752 529 moribus
770 486 857 530 imbuta
867 487 953 544 aliquos

86 566 207 609 studiorum
225 577 315 607 suorum
331 563 422 613 fructus,
441 565 490 603 tum
505 559 533 601 ad
543 559 586 601 Dei
602 558 680 614 optimi
692 558 780 601 laudern
798 562 820 601 et
836 559 950 610 honorem,

84 642 131 680 tum
147 637 174 679 ad
190 636 330 691 Reipublicae
342 634 440 676 decorem
452 635 555 688 reportet,
568 633 640 673 erecta
651 631 712 673 sint:
728 633 811 682 tamen,
824 630 882 673 sicut
893 644 951 673 acce-

84 709 157 764 pimns
175 708 200 749 in
215 705 324 748 Hibernia
340 704 377 747 ubi
393 703 553 761 quinquaginta
570 700 713 744 Cathedrales
724 701 845 754 Ecclesiae,
859 716 951 758 quarum

83 779 202 822 nonnullae
212 779 306 821 inuicem
323 778 396 820 unitae
413 780 473 827 sunt,
484 778 570 831 praeter
581 773 636 816 alias
647 774 767 830 dignitates
778 773 949 816 Ecclesiasticas

83 866 130 894 esse
141 852 251 901 dicuntur,
263 850 321 893 nihil
331 850 375 891 lere
387 850 477 892 omnino
487 848 528 890 hac
539 848 562 889 11
578 861 602 888 re
619 845 726 888 haetenus
737 844 845 888 relatione
856 845 949 900 dignum

83 926 154 964 actum
165 935 213 963 esse
225 914 321 976 apparet.
352 919 383 961 Et
395 933 445 961 cum
455 918 550 960 Hiberni
561 918 585 959 in
596 918 684 973 propria
694 916 772 960 Insula
783 917 869 959 nullam
881 917 950 959 studii

82 993 188 1048 generalis
209 991 381 1034 Universitatem
396 991 420 1031 in
437 1004 479 1045 qua
495 989 583 1032 studere
600 993 623 1030 et
641 988 668 1030 ad
685 989 818 1031 Doetoratus
835 991 873 1030 aut
892 989 949 1032 alios

81 1063 161 1118 gradus
176 1061 298 1117 promoueri
313 1060 406 1115 possint,
424 1060 527 1110 habeant,
539 1073 579 1100 nec
590 1058 637 1100 illis
653 1060 710 1101 sicut
726 1059 819 1100 aliarum
834 1059 947 1101 Provinci-

81 1148 142 1176 arum
152 1132 232 1176 incolis
247 1133 340 1187 pecunia
356 1131 480 1187 suppeditet
496 1130 554 1172 unde
570 1131 594 1172 in
614 1130 694 1172 esteris
713 1129 849 1184 Regionibus
867 1130 949 1173 litteris

81 1219 153 1247 vacare
177 1218 201 1246 ac
223 1203 304 1258 gradus
320 1202 447 1244 huiusmodi
463 1202 573 1258 suscipere
594 1201 688 1252 valeant,
708 1203 822 1256 propterea
839 1201 865 1242 lit
884 1202 948 1244 utin

81 1276 180 1318 universa
191 1275 307 1326 Hibernia,
319 1273 382 1325 nulli,
394 1278 420 1316 ut
431 1273 527 1316 creditur
538 1273 565 1316 ad
578 1272 625 1314 Sac.
639 1272 773 1328 Theologiae
783 1276 870 1328 praeter
878 1287 949 1316 unum

80 1349 118 1388 aut
135 1346 235 1395 alterum,
254 1349 276 1387 et
297 1345 324 1387 ad
345 1344 537 1400 durisprudentiae
557 1344 690 1387 Doctoratus
714 1344 787 1386 forsan
808 1343 892 1395 nullus,
921 1345 948 1387 ad

80 1416 256 1458 Bacchalariatns
268 1419 342 1457 autem
352 1415 376 1456 in
387 1416 435 1470 ipsa
447 1414 566 1470 Theologia
577 1413 657 1470 gradus
674 1428 718 1457 non
734 1413 810 1470 plures
826 1429 893 1470 quani
909 1430 948 1458 sex

80 1490 118 1527 aut
131 1490 178 1528 octo
192 1486 288 1540 promoti
303 1485 446 1540 reperiantur,
458 1489 480 1526 et
490 1486 586 1541 exceptis
597 1484 633 1527 his
644 1499 699 1541 quae
715 1485 776 1540 pueri
790 1484 879 1527 discunt
890 1486 948 1528 nihil

80 1557 137 1612 quod
151 1556 178 1598 ad
195 1556 337 1610 Theologiam
354 1559 437 1610 spectet
452 1556 476 1597 in
492 1555 539 1610 ipsa
556 1556 665 1598 Hibernia
684 1555 786 1597 doceatur
804 1558 946 1612 quantumvis

79 1629 226 1683 grassantium
246 1626 362 1668 haeresum
382 1630 404 1669 et
427 1626 554 1669 schismatis
577 1627 674 1682 pericula
694 1626 725 1669 ibi
741 1626 816 1669 adsint
834 1631 856 1670 et
875 1629 947 1671 multa

79 1699 149 1740 indies
160 1697 275 1739 imminere
292 1697 412 1752 plurimum
428 1696 548 1739 verendum
565 1697 601 1748 sit,
620 1697 752 1739 curretiam
767 1696 795 1739 ab
813 1698 901 1754 incepta
916 1701 948 1743 ibi

80 1768 216 1811 Christianae
227 1767 279 1810 fidei
290 1767 422 1822 cognitione,
435 1767 516 1823 elapsis
532 1768 576 1809 iarn
593 1767 687 1823 simplius
705 1768 778 1810 forsan
799 1783 864 1825 quam
884 1769 946 1810 mille

79 1841 141 1882 annis
152 1839 257 1882 ordinarii
273 1839 370 1881 locorum
381 1839 443 1881 nulla
459 1838 593 1881 adminicula
609 1839 680 1882 relatu
696 1840 763 1895 digna
779 1840 807 1882 ad
823 1844 868 1882 tarn
884 1841 947 1896 piurn

78 1924 132 1967 opus
148 1910 275 1965 designasse
291 1909 411 1961 uideantur,
430 1910 607 1966 experientiaque
624 1910 672 1965 ipsa
690 1910 735 1953 veri
752 1910 825 1953 simile
844 1912 947 1953 futurum

78 1985 179 2039 appareat
189 1981 258 2023 dictos
270 1981 392 2023 ordinarios
403 1981 492 2023 nullum
503 1982 530 2024 ad
544 1982 619 2037 ipsum
630 1982 692 2037 pium
709 1996 764 2037 opus
781 1987 860 2039 sponte
877 1984 947 2038 assig-

77 2057 167 2097 natnros
182 2052 325 2108 praesidium,
338 2051 376 2093 sed
391 2054 466 2108 potins
479 2067 518 2095 suo
530 2068 590 2095 more
606 2053 713 2095 beneficia
727 2053 886 2096 Ecclesiastica
901 2069 946 2097 non

77 2125 140 2168 modo
151 2125 179 2166 ad
190 2123 322 2178 Γ,1111111111
333 2124 367 2165 vel
383 2124 575 2179 Jurisprndentiae
591 2124 673 2179 gradus
689 2125 818 2167 huiusmodi
834 2140 878 2167 non
895 2140 946 2180 pro-

77 2196 150 2246 motis,
162 2194 277 2237 sedetiam
293 2194 381 2244 talibus,
398 2209 492 2250 quorum
509 2199 558 2237 turn
577 2195 725 2250 ignorantiam
743 2198 793 2236 tum
814 2195 942 2251 depravatos

75 2279 146 2308 mores
167 2263 274 2306 subticere
290 2264 364 2318 potius
380 2278 446 2320 quarn
466 2279 579 2308 recensere
598 2266 628 2307 sit
645 2265 769 2316 honestius,
782 2266 942 2319 collocaturos;

76 2336 214 2393 quantumvis
225 2336 248 2376 in
265 2335 393 2378 Tridentino
410 2337 508 2379 Concilio
525 2353 536 2379 a
551 2337 622 2380 Nobis
638 2351 709 2392 nuper
725 2337 853 2380 confirmato
865 2338 946 2382 diserte

75 2406 240 2450 cautumfuerit
257 2410 282 2447 ut
300 2420 345 2448 non
364 2407 435 2449 solum
454 2407 580 2451 studiorum
600 2408 723 2450 Seminane
741 2414 890 2465 propagentur
907 2413 946 2455 sed

75 2478 140 2520 etiam
151 2481 176 2519 ut
186 2476 327 2532 potissimum
346 2477 373 2518 ad
389 2478 469 2534 gradus
486 2480 610 2534 praedictos
621 2479 663 2521 rite
674 2479 770 2535 promoti
781 2480 945 2526 Ecclesiasticis

74 2547 225 2604 Dignitatibus
243 2548 332 2600 praefici
350 2547 448 2591 debeant.
489 2549 521 2592 Et
542 2551 599 2593 sicut
618 2550 684 2592 etiarn
703 2549 825 2605 accepimus
846 2552 869 2593 in
888 2552 945 2596 dicta

73 2619 180 2661 Hibernia
198 2618 301 2675 pleraque
323 2619 457 2663 lilonasteria
474 2625 495 2662 et
513 2623 554 2664 alia
570 2622 677 2665 beneficia
694 2621 850 2666 Ecclesiastica
861 2628 883 2666 et
897 2624 945 2668 loca

74 2691 190 2733 saecularia
201 2704 225 2732 ae
236 2690 353 2746 Regularia
365 2693 467 2744 existant,
480 2707 534 2749 quae
545 2709 585 2750 per
600 2694 714 2736 Ecclesiae
731 2694 858 2738 Catholicae
869 2696 943 2739 adver-

76 2762 143 2804 sarios
152 2761 234 2817 partim
245 2774 363 2817 suppressa
374 2767 395 2805 et
406 2768 517 2819 occupata,
529 2769 551 2807 et
559 2766 640 2821 partim
651 2766 679 2807 ad
689 2765 791 2821 profanos
803 2781 878 2810 eorum
890 2783 943 2812 usus

74 2832 159 2874 redacta
170 2835 222 2875 sunt
232 2833 266 2875 vel
276 2848 315 2889 per
326 2834 491 2878 concubinarios
501 2837 608 2891 publicos,
618 2838 705 2893 impios,
715 2837 748 2879 vel
758 2837 832 2891 laicos,
841 2840 872 2882 sic
883 2842 944 2897 apiis

74 2903 182 2945 inst'tutis
193 2904 360 2959 degenerarunt,
371 2911 395 2949 ut
406 2907 444 2949 illa
455 2908 500 2950 fere
508 2923 623 2965 nunquam
631 2910 699 2952 fuisse
707 2915 831 2966 appareant,
843 2911 877 2953 vel
886 2918 943 2957 certo

74 2972 105 3013 ita
115 2978 232 3027 appareant
243 2979 267 3018 ut
278 2975 388 3031 Religioni
399 2978 537 3022 Christianae
553 2995 598 3023 non
615 2980 722 3024 mediocre
741 2980 835 3024 dedecus
851 2982 944 3029 afferunt

843 3063 857 3089 n
