2416 3337
199 230 243 271 230
486 239 631 271 srrcrnnenrn
648 240 791 272 ossoarnnss.

198 386 286 430 crebrae
297 387 370 430 forent
378 387 460 438 literae,
469 391 595 430 nostrarum
604 387 743 430 miseriarum
752 388 852 441 nunciae,
861 387 942 444 quibus
950 388 1070 433 intellectis

198 457 263 500 Vrec.
275 458 428 514 proculdubio
440 458 467 501 ad
478 457 678 501 commiserandum
689 458 765 502 Rmae.
778 464 966 502 commoveremur
975 459 1068 502 Domin-

199 528 294 571 ctiones.
326 530 384 573 Nam
395 530 437 572 etsi
447 543 582 586 quemquam
592 543 666 571 nrum.
676 529 703 572 ob
713 530 846 573 orthodoxae
854 531 906 573 fidei
911 531 1070 587 professionem

198 598 280 641 directe
291 600 416 656 inquietari,
429 604 467 641 aut
478 599 590 642 molestari
600 613 645 641 non
656 598 726 649 liceat,
736 613 792 654 quae
803 603 930 642 nostrorum
941 600 1069 657 Principum

198 683 280 726 magna
296 674 331 712 est
346 670 468 720 clementia,
480 683 540 712 nrae.
552 673 626 710 tomen
643 668 763 723 Religionis
781 670 909 712 exercitium
924 671 1069 726 quorumdam

198 739 353 782 officiariorum
360 739 470 781 industria
480 738 516 790 (ne
525 737 577 792 quid
586 737 646 778 aliud
655 736 733 788 dicam)
743 737 851 792 pariletim
862 738 1000 782 diminuitur.
1022 741 1067 783 Hic

198 809 307 864 siquidem
318 810 342 850 in
354 807 523 864 Septentrionali
532 807 635 848 Ultoniae
645 810 724 857 tractu,
735 808 795 862 gravi
805 809 932 862 pecuniaria
941 809 974 861 (ut
983 815 1069 853 caetera

197 880 290 931 taceam)
296 878 512 934 mulctapuniuntur,
518 878 556 933 qui
562 877 729 920 matrimonium
734 877 995 930 contrahuntcoramalio,
1000 895 1067 937 quam

195 951 333 1003 protestante
344 948 454 999 Ministro,
468 951 490 990 et
500 948 539 1004 qui
548 947 633 1003 prolem
644 947 682 989 clii
693 962 758 1005 quam
768 950 902 1005 protestanti
912 950 1067 1006 baptizandam

195 1018 266 1062 offert,
275 1019 391 1061 Praeterea
401 1033 469 1061 novae
477 1022 499 1061 et
510 1032 578 1061 novae
587 1018 762 1075 alienigenarum
769 1019 866 1063 coloniae
873 1020 1020 1074 adducuntur,
1029 1024 1067 1078 qui

195 1089 292 1145 expulsis
309 1091 412 1146 genuinis
430 1090 521 1142 colonis,
534 1104 623 1133 omnem
640 1104 697 1146 pene
714 1094 796 1133 terrem
811 1090 854 1133 late
871 1096 983 1147 occupant,
996 1093 1028 1135 ita,
1042 1096 1067 1134 ut

194 1165 309 1216 pastorum
319 1162 417 1218 plerique
426 1161 519 1204 minime
529 1161 553 1203 in
563 1162 611 1205 suis
621 1161 726 1217 paroeciis
737 1165 771 1204 tot
778 1176 831 1204 suae
842 1162 964 1217 Religionis
971 1163 1067 1205 habeant

196 1233 303 1285 subditos,
313 1234 351 1289 qui
359 1248 434 1276 eorum
442 1232 549 1276 honestae
558 1233 714 1276 sustentationi
723 1232 839 1275 sufficiant.
862 1233 893 1274 Et
900 1247 944 1275 non
952 1235 1066 1289 augmenti

196 1319 247 1360 spes
256 1304 354 1360 affulget,
361 1305 428 1347 sedin
436 1304 483 1347 dies
492 1304 623 1346 decretionis
630 1307 703 1345 metus
709 1303 848 1358 ingravescit.
866 1303 934 1345 Porro
942 1304 1065 1346 existimavi

195 1388 235 1429 ego
247 1388 295 1417 esse
306 1388 383 1430 operae
393 1374 497 1429 pretium,
508 1373 555 1415 VV.
563 1373 613 1415 RE.
622 1373 691 1415 Dnes.
703 1372 728 1415 de
739 1372 877 1416 lamentabili
887 1372 929 1415 hoc
940 1376 1065 1416 nostrarum

193 1458 268 1487 rerum
279 1448 341 1487 stetu
351 1445 454 1487 certiores
464 1443 561 1496 reddere,
573 1447 662 1500 propter
673 1444 778 1500 quasdem
789 1443 888 1500 Reglres.
897 1444 999 1496 familias,
1010 1459 1066 1501 quae

194 1516 337 1570 (quamquam
346 1514 399 1557 olim
407 1513 443 1556 hic
451 1514 573 1567 floruerint)
584 1528 625 1557 sua
632 1514 734 1557 coenobia
741 1514 808 1570 longo
817 1515 863 1570 jam
871 1518 969 1569 tempore
976 1513 1064 1557 deseru-

193 1590 258 1628 erunt
268 1586 352 1643 coacti;
365 1589 387 1627 ct
398 1599 456 1628 nunc
466 1584 529 1638 (uelo,
542 1589 567 1627 ut
573 1585 630 1627 milii
640 1584 760 1640 persuadeo
770 1585 871 1635 tirmiter,
880 1584 925 1639 pio)
934 1598 975 1635 me,
987 1585 1064 1640 aliosq.

192 1658 260 1713 hujus
271 1657 399 1700 Provinciae
415 1656 515 1699 Prelatos
532 1657 660 1708 sollicitant,
673 1661 695 1699 et
706 1657 801 1712 fatigant
811 1656 839 1697 ad
850 1669 901 1698 suas
912 1668 1001 1697 rursum
1015 1669 1064 1697 con-

193 1728 333 1783 gregationes
339 1726 517 1777 restaurandum,
526 1740 577 1769 cum
585 1730 661 1769 tomen
669 1725 705 1768 lric
713 1740 738 1769 eo
749 1726 890 1769 miseriarum
897 1728 989 1768 ventum
997 1726 1034 1776 sit,
1040 1729 1064 1768 ut

194 1798 237 1840 etsi
248 1811 324 1840 eorum
335 1796 469 1839 monasterie
480 1799 580 1838 extarent
596 1795 669 1838 adhuc
679 1797 771 1852 integra,
784 1809 840 1852 quae
849 1799 925 1838 tamen
941 1799 979 1838 aut
988 1796 1062 1838 fundi·

193 1873 232 1911 tus
243 1867 323 1919 diruta,
336 1871 375 1910 cut
384 1867 465 1923 partim
476 1868 501 1909 in
511 1856 599 1923 palatia,
612 1867 692 1923 partim
705 1866 781 1923 (prohl
794 1866 863 1919 dolor)
875 1868 898 1909 in
907 1866 992 1910 stabula
1001 1881 1063 1910 versa

194 1943 255 1991 sunt,
264 1953 307 1990 eos,
320 1942 342 1981 et
350 1938 458 1994 reliquum
466 1937 562 1989 Olerum
574 1939 612 1993 qui
621 1941 667 1981 tam
679 1939 802 1990 saecularis,
813 1952 877 1993 quam
889 1938 996 1993 regularis
1003 1939 1062 1993 jam-

190 2011 237 2066 jam
258 2009 387 2064 praeexistit
407 2022 547 2059 numerosus,
566 2009 637 2064 patria
656 2009 784 2050 nuliatenus
803 2008 859 2050 alere
876 2009 955 2063 possit,
972 2013 1062 2065 propter

191 2079 317 2129 recensitas
328 2082 351 2121 et
358 2078 440 2121 multas
449 2078 510 2130 alies,
519 2092 574 2133 quas
581 2078 673 2133 patitur,
684 2093 800 2121 aerumnas
808 2093 813 2130 ;
822 2078 953 2129 existimari,
961 2078 1060 2133 inquam,

190 2163 268 2205 operae
278 2149 375 2205 pretium
385 2162 433 2191 esse
440 2147 491 2189 ΕΕ.
503 2148 550 2190 VV.
561 2148 631 2191 Dnes.
642 2148 683 2191 lrac
692 2149 717 2191 de
727 2163 750 2191 re
760 2149 862 2191 certiores
873 2148 970 2199 reddere,
980 2151 1004 2190 ut
1013 2148 1060 2203 dig-

189 2225 271 2263 nentur
282 2218 312 2274 (si
323 2218 415 2275 plocect)
427 2217 485 2273 apud
497 2218 598 2261 SSmum.
611 2219 700 2261 Patrem
711 2232 773 2275 agere
785 2219 812 2261 de
829 2221 951 2274 opportuno
962 2217 1061 2260 inhibiti-

189 2291 239 2333 onis
250 2289 354 2340 remedio,
366 2303 394 2332 ne
405 2303 447 2345 qua
458 2289 542 2332 scilicet
553 2290 660 2344 regularis
674 2290 758 2332 familia
773 2290 833 2332 ultro
850 2298 893 2341 eas,
906 2303 961 2345 quae
974 2290 1020 2344 jam
1037 2289 1060 2330 in

188 2362 260 2417 patric
270 2361 381 2404 domicilia
395 2360 485 2412 liabent,
497 2361 650 2413 admittantur,
662 2360 729 2404 donec
742 2362 788 2417 (per
804 2361 846 2403 Dei
857 2360 960 2416 gratiam)
972 2372 1060 2402 evanes-

189 2435 253 2474 cente
264 2430 383 2473 schismate
393 2431 495 2487 Regnum
506 2432 529 2474 in
540 2432 619 2489 utrisq.
630 2432 694 2475 bonis
704 2432 819 2488 proficiens
838 2431 972 2475 sufficientes
986 2430 1059 2485 possit

189 2501 285 2542 Eccliae.
296 2503 414 2555 prouentus
425 2500 519 2557 elargiri.
551 2502 634 2544 Verum
645 2502 705 2545 enirn
720 2516 778 2553 vero,
791 2502 853 2544 Deus
870 2503 904 2543 est
920 2498 977 2542 mihi
986 2500 1057 2551 testis,

190 2571 249 2628 quod
259 2585 304 2613 non
315 2570 339 2612 in
350 2570 417 2613 ullius
427 2571 524 2627 religiosi
535 2575 608 2615 coetus
625 2573 784 2615 detrimentum
801 2572 832 2615 sic
848 2570 992 2626 expostulem,
1005 2571 1058 2626 quin

189 2642 242 2693 imo,
255 2639 314 2697 quod
326 2654 352 2683 ex
363 2640 436 2682 animo
447 2641 541 2696 cupiam,
554 2643 612 2697 qnod
623 2643 694 2698 quivis
705 2643 822 2698 religiosus
833 2640 892 2692 ordo,
906 2641 925 2682 si
936 2638 989 2681 alias
1000 2651 1058 2680 com-

188 2711 252 2754 mode
270 2710 393 2754 sustentari
410 2709 480 2764 possit
497 2710 522 2752 in
539 2710 683 2755 Dioecesibus
704 2712 760 2755 milri
779 2710 912 2760 commissis,
932 2707 1058 2751 mansiones

187 2781 284 2833 haberet,
293 2794 336 2837 quo
343 2779 430 2823 facilius
437 2791 489 2822 oves
497 2778 553 2821 milri
561 2780 654 2824 creditas
666 2782 693 2825 ad
701 2781 747 2824 Xti.
754 2780 840 2824 caulam
849 2780 952 2822 reducere
958 2778 1041 2823 valeam
1050 2794 1056 2831 ;

187 2851 226 2894 sed
237 2852 288 2907 quio
298 2854 358 2893 certe
368 2849 504 2906 experientia
514 2851 608 2905 comperi
618 2851 713 2905 patriam
724 2851 778 2893 alios
788 2850 842 2893 satis
849 2853 952 2892 onustam
960 2849 1058 2891 ulteriori

186 2920 275 2964 ferendo
286 2921 349 2964 oneri
360 2934 409 2965 esse
420 2933 512 2977 prorsus
523 2919 634 2975 ineptam,
652 2924 674 2962 et
689 2921 785 2976 prolecto
797 2920 816 2963 si
827 2933 867 2963 nos
882 2919 976 2963 Praelati
992 2933 1056 2964 secus

186 2993 209 3036 in
218 2993 315 3036 favorem
324 2992 488 3049 Religiosorum
495 2990 579 3047 aliquid
586 2990 721 3043 moliremur,
730 2991 792 3047 plebs
802 2992 879 3035 saltem
889 2992 951 3035 rudis
960 2995 981 3035 et
989 2991 1057 3035 durae

187 3064 275 3108 cervicis
288 3078 340 3107 cum
359 3077 440 3119 magno
456 3063 553 3108 Eccliac.
566 3062 667 3107 scandalo
685 3063 820 3117 reclamaret,
832 3068 854 3107 et
864 3064 965 3109 fortassis
975 3077 1021 3107 rein
1031 3063 1055 3105 in
