2416 3337
370 159 514 191 senonensium
531 160 673 190 ossonrnusu.
936 150 965 194 27

88 238 962 254 w

130 314 189 355 Nam
206 310 360 351 Protestantes
375 308 427 363 plus
447 306 504 348 milri
521 306 626 348 uidentur
644 305 791 362 loquacitatis,
809 321 876 362 quam
898 321 965 351 sanae

85 384 196 426 doetrinae
214 380 338 422 eruditione
354 378 409 421 uelle
429 376 568 424 contendere.
610 376 696 432 Nempe
713 376 751 431 qui
769 390 809 418 sua
821 377 940 428 vocabulis,
953 394 966 419 a

85 453 167 497 sanctis
178 455 200 494 et
218 450 289 493 doctis
305 449 405 505 patribus
421 448 504 490 nostris
521 462 565 489 non
576 447 672 502 receptis
692 446 826 503 penitusque
842 447 964 499 inusitatis,

85 524 194 580 explicant
209 526 230 565 et
246 523 321 565 fucosa
332 520 419 563 dicendi
437 523 483 562 arte
494 520 605 575 operiunt,
618 522 643 561 ut
660 519 712 561 iude
723 518 832 574 populum
849 519 963 572 seducant,

84 600 107 638 et
125 609 169 637 non
189 593 260 637 solum
277 594 367 649 ignaros
385 605 461 635 verum
480 590 548 633 etiam
567 589 664 633 eruditos
684 589 838 645 propensiores
858 591 882 632 in
901 605 965 633 suam

84 670 166 711 sectam
176 666 276 715 reddant,
289 668 355 721 atque
371 668 396 707 ut
412 677 489 706 eorum
504 662 607 705 haereses
624 662 732 704 occultius
743 660 835 704 lateant.
869 662 964 705 Utinam

84 738 208 794 tranquillis
226 737 307 780 animis
324 751 375 779 oum
391 736 518 778 humilitate
536 735 563 777 ad
581 749 655 778 ueram
677 733 704 776 de
721 733 764 775 fide
781 733 964 790 disceptationem

83 808 217 850 accederent.

127 878 212 920 Vellem
228 878 299 932 magis
310 878 333 918 in
344 877 442 932 proxime
454 876 534 933 elapsis
552 876 655 919 Comitiis
667 874 820 927 accessissent,
834 889 959 931 sperassem

83 961 127 999 eos
136 948 274 1003 colloquente
285 947 352 989 etiam
362 948 460 989 omnium
471 948 510 1002 qui
521 961 548 988 ex
558 951 620 1002 parte
632 946 746 988 catholica
754 945 846 988 aderaut
857 947 960 997 minimo,

80 1033 176 1061 errorem
198 1032 263 1061 suum
274 1018 389 1074 agnituros
405 1005 481 1069 fuisse,
495 1021 517 1060 et
529 1032 601 1060 coram
618 1017 752 1072 competenti
769 1018 844 1072 judice
860 1019 962 1060 convinci

81 1091 187 1146 potuisse.
221 1089 251 1131 At
267 1103 346 1145 parum
357 1090 458 1132 convenit
475 1090 518 1131 reis
530 1090 554 1131 in
565 1102 631 1131 eausa
646 1089 735 1144 propria
752 1102 800 1131 esse
814 1089 910 1145 judices,
923 1093 962 1131 aut

81 1156 139 1203 certa
150 1166 171 1204 et
182 1160 287 1212 deffinita,
300 1159 326 1202 de
338 1161 382 1203 lide
393 1160 521 1210 orthodoxe,
533 1160 557 1201 in
568 1159 661 1201 dubium
678 1172 786 1200 revocare.

125 1231 249 1274 Ludoricus
260 1232 312 1273 Dux
330 1232 429 1274 Bararus
439 1235 460 1273 et
476 1231 529 1273 Dux
544 1230 719 1273 Brunsvicensis
730 1228 778 1271 heri
790 1243 842 1272 oum
854 1229 961 1273 Caesarea

80 1304 196 1360 Majestate
206 1303 282 1358 pransi
293 1306 353 1345 sunt.
393 1302 530 1345 Guillelmus
542 1303 598 1344 alter
613 1302 713 1345 Bararus
729 1301 805 1343 eadem
822 1301 858 1344 die
870 1315 961 1358 vespere

81 1375 194 1430 applicuit.
235 1374 278 1415 Isti
294 1377 339 1416 tres
356 1375 415 1417 inter
434 1377 530 1416 caeteros
549 1372 681 1415 Germaniae
697 1372 808 1427 principes
824 1372 889 1415 valde
908 1376 961 1415 sunt

80 1445 191 1500 indignati
209 1448 298 1499 propter
319 1445 487 1501 suspensionem
510 1445 578 1486 banni
599 1444 734 1499 Imperialis9
752 1448 774 1486 et
796 1445 958 1487 sententiarum

77 1516 203 1572 imperialis
219 1529 317 1557 camerae
328 1516 351 1557 in
363 1517 459 1559 fauorem
469 1516 651 1567 Protestantium,
663 1516 704 1558 sub
715 1519 830 1571 praetextu
841 1516 895 1558 salui
906 1530 957 1558 oon-

81 1588 160 1631 ductus
176 1586 203 1629 ad
219 1586 316 1637 Dietam,
334 1600 475 1629 concessam:
492 1589 599 1643 ajuntque
614 1587 776 1643 Imperatorem
794 1602 835 1630 neo
854 1588 958 1631 debuisse

73 1649 120 1702 vneo
128 1659 226 1714 potuisse
237 1657 261 1699 id
271 1658 395 1701 concedere.
555 1659 557 1662 ⁴
760 1707 762 1710 Ι

88 1785 90 1789 ⁴
123 1729 313 1773 Reverendlssime
321 1729 424 1781 Domine,
435 1744 506 1773 unum
517 1733 551 1772 est
561 1730 585 1772 in
596 1729 632 1771 liis
642 1728 751 1780 Comitiis,
761 1730 821 1785 quod
832 1730 955 1786 plurimum

79 1815 164 1856 semper
175 1800 235 1842 dolui
252 1804 274 1842 et
285 1799 355 1852 doleo,
368 1803 452 1857 privetu
462 1801 565 1844 videlicet
581 1800 697 1843 commoda
709 1801 750 1843 sub
766 1801 858 1843 nomine
874 1801 957 1857 publici

77 1861 161 1928 negent
170 1872 266 1923 tractari,
279 1873 311 1913 ita
324 1876 347 1914 ut
358 1873 476 1930 aliquavis
487 1872 515 1916 ad
527 1873 663 1928 singularem
674 1871 854 1915 commoditatem
865 1887 905 1929 per
915 1873 957 1916 lios

77 1947 197 1986 conventus
209 1944 330 1999 excogitata
346 1959 394 1987 esse
410 1945 519 1987 videatur.
552 1944 626 1987 Multo
645 1944 717 1987 satius
732 1948 791 1986 esset
808 1949 890 2001 aperte,
903 1960 954 1988 con-

78 2017 163 2056 stanter
173 2017 196 2055 et
206 2014 378 2069 magnanimiter
388 2015 445 2057 hanc
457 2027 546 2058 causam
557 2015 584 2057 ad
594 2014 688 2070 gloriam
699 2015 742 2056 Dei
751 2017 856 2070 prosequi
867 2031 874 2067 3
891 2020 957 2073 atque

78 2086 162 2127 felicior
182 2098 297 2127 successus
313 2085 337 2125 in
354 2085 523 2140 particularibus
535 2084 664 2136 actionibus,
678 2099 778 2140 quaeres
790 2086 923 2129 Germaniae
934 2091 957 2129 et

77 2154 206 2209 Principum
217 2158 359 2204 concernunt,
372 2155 503 2209 imperatori
514 2156 657 2211 contingeret.

124 2224 182 2267 Nam
194 2224 263 2266 veluti
274 2224 373 2267 deiectus
390 2224 416 2267 ab
427 2225 530 2269 Ecclesia
548 2225 657 2268 defectum
676 2240 721 2268 non
732 2226 845 2269 modicum
865 2226 955 2284 abipso

77 2295 134 2351 apud
146 2286 300 2338 schismaticos
316 2295 440 2339 Germanos
456 2297 549 2353 peperit,
561 2297 592 2338 ita
609 2296 642 2339 nil
653 2296 714 2338 aliud
724 2311 791 2352 quam
808 2298 912 2353 ipserum
922 2313 955 2341 re-

78 2382 167 2423 gressus
192 2368 218 2410 ad
239 2368 388 2411 obedientiam
408 2366 521 2412 Ecclesiae
546 2368 710 2425 praestandam,
732 2369 877 2412 reverentiam
904 2385 956 2426 erga

77 2439 206 2481 Caesaream
216 2438 358 2496 Majestatem
370 2439 448 2483 melius
460 2455 589 2496 regenerare
600 2440 687 2496 poterit.
722 2474 724 2478 .

122 2510 241 2566 Reliquum
253 2514 287 2553 est
306 2513 331 2552 ut
348 2525 392 2567 qua
401 2510 471 2553 iacere
481 2525 574 2568 possum
591 2510 749 2562 recordatione,
761 2525 812 2554 cum
831 2513 954 2567 gratiarum

76 2580 207 2631 actionibus,
220 2584 295 2623 mente
306 2584 395 2624 teneam
413 2580 620 2625 Rcuerendissimae
631 2583 795 2626 Dominaticnis
806 2583 833 2625 V.
846 2597 897 2637 erga
909 2598 952 2636 me,

78 2665 120 2706 qua
130 2666 165 2694 me
176 2651 233 2693 RD.
245 2652 315 2708 Pogio
326 2653 443 2696 affectuose
460 2655 653 2707 commendaverit,
665 2655 856 2698 benevolentiam:
874 2655 954 2697 obtulit

76 2722 132 2764 milri
144 2736 231 2765 omnem
242 2738 331 2779 operam
342 2729 365 2767 et
380 2726 495 2769 auxilium.

123 2794 223 2837 Caesarei
244 2795 433 2841 Reverendissimi
449 2799 478 2841 D.
489 2799 628 2843 Mutinensis
647 2800 774 2856 diligentias
796 2799 819 2840 in
837 2797 952 2853 Colloquio

76 2862 186 2908 adhibitas
197 2865 326 2909 calumniati
337 2872 401 2911 sunt.
438 2869 481 2912 Sed
499 2870 591 2916 heriin
608 2870 644 2913 his
666 2870 802 2927 amplissime
820 2867 952 2910 Caesaream

76 2932 216 2988 llajestatem
226 2937 354 2994 alloquutus
366 2946 405 2985 est.
444 2943 515 2985 Credo
527 2958 578 2986 eum
590 2943 705 2998 sigillatim
722 2941 795 2984 omnia
806 2940 951 2983 Reverendis-

77 3002 145 3045 simae
156 3006 211 3048 DV.
222 3010 363 3061 perscribere.
404 3013 495 3056 Gaudeo
507 3014 565 3069 quod
578 3015 624 3068 jam
636 3012 795 3055 mediatoribus
807 3012 835 3055 ad
845 3012 952 3070 111010010-
