<?xml version="1.0" encoding="UTF-8"?>
<!DOCTYPE html PUBLIC "-//W3C//DTD XHTML 1.0 Transitional//EN"
    "http://www.w3.org/TR/xhtml1/DTD/xhtml1-transitional.dtd">
<html xmlns="http://www.w3.org/1999/xhtml" xml:lang="en" lang="en">
 <head>
  <title>
</title>
<meta http-equiv="Content-Type" content="text/html;charset=utf-8" />
  <meta name='ocr-system' content='tesseract 3.04.00' />
  <meta name='ocr-capabilities' content='ocr_page ocr_carea ocr_par ocr_line ocrx_word'/>
</head>
<body>
  <div class='ocr_page' id='page_1' title='image "MN5019ucmf_0_0287.png"; bbox 0 0 2416 3337; ppageno 0'>
   <div class='ocr_carea' id='block_1_1' title="bbox 471 207 773 242">
    <p class='ocr_par' dir='ltr' id='par_1_1' title="bbox 471 207 773 242">
     <span class='ocr_line' id='line_1_1' title="bbox 471 207 773 242; baseline 0.013 -4"><span class='ocrx_word' id='word_1_1' title='bbox 471 207 614 240; x_wconf 68' lang='lat' dir='ltr'>selsmnsrunr</span> <span class='ocrx_word' id='word_1_2' title='bbox 630 210 773 242; x_wconf 76' lang='lat' dir='ltr'>OSSORIENSE.</span> 
     </span>
    </p>
   </div>
   <div class='ocr_carea' id='block_1_2' title="bbox 598 436 648 479">
    <p class='ocr_par' dir='ltr' id='par_1_2' title="bbox 598 436 648 479">
     <span class='ocr_line' id='line_1_2' title="bbox 598 436 648 479; baseline -0.02 0"><span class='ocrx_word' id='word_1_3' title='bbox 598 436 648 479; x_wconf 79' lang='grc' dir='ltr'>ΟΠ.</span> 
     </span>
    </p>
   </div>
   <div class='ocr_carea' id='block_1_3' title="bbox 205 559 1047 616">
    <p class='ocr_par' dir='ltr' id='par_1_3' title="bbox 205 559 1047 616">
     <span class='ocr_line' id='line_1_3' title="bbox 205 559 1047 616; baseline 0.004 -15"><span class='ocrx_word' id='word_1_4' title='bbox 205 559 301 602; x_wconf 72' lang='lat' dir='ltr'>Laurea</span> <span class='ocrx_word' id='word_1_5' title='bbox 312 572 372 603; x_wconf 80' lang='lat' dir='ltr'>raon</span> <span class='ocrx_word' id='word_1_6' title='bbox 383 561 502 605; x_wconf 79' lang='lat' dir='ltr'>Baussuns</span> <span class='ocrx_word' id='word_1_7' title='bbox 513 574 539 605; x_wconf 83' lang='lat' dir='ltr'>ro</span> <span class='ocrx_word' id='word_1_8' title='bbox 550 562 577 605; x_wconf 84' lang='lat' dir='ltr'>F.</span> <span class='ocrx_word' id='word_1_9' title='bbox 588 562 654 604; x_wconf 80' lang='lat' dir='ltr'>Luxu</span> <span class='ocrx_word' id='word_1_10' title='bbox 666 562 788 616; x_wconf 73' lang='lat' dir='ltr'>Wnnnnre,</span> <span class='ocrx_word' id='word_1_11' title='bbox 801 565 847 606; x_wconf 74' lang='lat' dir='ltr'>Gru</span> <span class='ocrx_word' id='word_1_12' title='bbox 858 563 968 616; x_wconf 70' lang='lat' dir='ltr'>dancrat,</span> <span class='ocrx_word' id='word_1_13' title='bbox 981 562 1047 605; x_wconf 78' lang='lat'>1642.</span> 
     </span>
    </p>
   </div>
   <div class='ocr_carea' id='block_1_4' title="bbox 461 673 790 716">
    <p class='ocr_par' dir='ltr' id='par_1_4' title="bbox 461 673 790 716">
     <span class='ocr_line' id='line_1_4' title="bbox 461 673 790 716; baseline 0 -10"><span class='ocrx_word' id='word_1_14' title='bbox 461 673 521 714; x_wconf 79' lang='lat' dir='ltr'>(Facu</span> <span class='ocrx_word' id='word_1_15' title='bbox 533 683 571 706; x_wconf 76' lang='lat' dir='ltr'>rna</span> <span class='ocrx_word' id='word_1_16' title='bbox 584 673 612 706; x_wconf 85' lang='lat' dir='ltr'>Sr.</span> <span class='ocrx_word' id='word_1_17' title='bbox 625 674 716 707; x_wconf 78' lang='lat' dir='ltr'>Isrncnx&#39;s</span> <span class='ocrx_word' id='word_1_18' title='bbox 729 674 790 716; x_wconf 79' lang='lat' dir='ltr'>MSS.)</span> 
     </span>
    </p>
   </div>
   <div class='ocr_carea' id='block_1_5' title="bbox 180 773 1098 3088">
    <p class='ocr_par' dir='ltr' id='par_1_5' title="bbox 180 773 1098 3088">
     <span class='ocr_line' id='line_1_5' title="bbox 235 773 1057 831; baseline 0.001 -14"><span class='ocrx_word' id='word_1_19' title='bbox 235 776 301 818; x_wconf 86' lang='lat' dir='ltr'>Mitto</span> <span class='ocrx_word' id='word_1_20' title='bbox 318 775 358 818; x_wconf 89' lang='lat' dir='ltr'>tibi</span> <span class='ocrx_word' id='word_1_21' title='bbox 377 775 401 816; x_wconf 90' lang='lat' dir='ltr'>in</span> <span class='ocrx_word' id='word_1_22' title='bbox 422 773 566 830; x_wconf 81' lang='lat' dir='ltr'>sequentibus</span> <span class='ocrx_word' id='word_1_23' title='bbox 581 775 667 817; x_wconf 78' lang='lat' dir='ltr'>felicem</span> <span class='ocrx_word' id='word_1_24' title='bbox 686 789 770 819; x_wconf 82' lang='lat' dir='ltr'>novum</span> <span class='ocrx_word' id='word_1_25' title='bbox 792 790 883 828; x_wconf 83' lang='lat' dir='ltr'>anuum,</span> <span class='ocrx_word' id='word_1_26' title='bbox 907 776 933 818; x_wconf 89' lang='lat' dir='ltr'>de</span> <span class='ocrx_word' id='word_1_27' title='bbox 953 789 1057 831; x_wconf 80' lang='lat' dir='ltr'>processu</span> 
     </span>
     <span class='ocr_line' id='line_1_6' title="bbox 187 844 1058 900; baseline 0.002 -13"><span class='ocrx_word' id='word_1_28' title='bbox 187 859 261 887; x_wconf 86' lang='lat' dir='ltr'>rerum</span> <span class='ocrx_word' id='word_1_29' title='bbox 272 849 384 900; x_wconf 78' lang='lat' dir='ltr'>gestarum</span> <span class='ocrx_word' id='word_1_30' title='bbox 394 845 418 886; x_wconf 89' lang='lat' dir='ltr'>in</span> <span class='ocrx_word' id='word_1_31' title='bbox 429 844 544 887; x_wconf 76' lang='lat' dir='ltr'>Hibernia.</span> <span class='ocrx_word' id='word_1_32' title='bbox 566 846 600 888; x_wconf 87' lang='lat' dir='ltr'>De</span> <span class='ocrx_word' id='word_1_33' title='bbox 611 850 660 888; x_wconf 86' lang='lat' dir='ltr'>ortu</span> <span class='ocrx_word' id='word_1_34' title='bbox 670 845 724 889; x_wconf 90' lang='lat' dir='ltr'>belli</span> <span class='ocrx_word' id='word_1_35' title='bbox 735 846 866 890; x_wconf 88' lang='lat' dir='ltr'>intellexisti</span> <span class='ocrx_word' id='word_1_36' title='bbox 877 861 904 889; x_wconf 91' lang='lat' dir='ltr'>ex</span> <span class='ocrx_word' id='word_1_37' title='bbox 914 846 994 890; x_wconf 89' lang='lat' dir='ltr'>litteris</span> <span class='ocrx_word' id='word_1_38' title='bbox 1004 846 1058 889; x_wconf 90' lang='lat' dir='ltr'>illuc</span> 
     </span>
     <span class='ocr_line' id='line_1_7' title="bbox 186 915 1057 974; baseline 0.003 -17"><span class='ocrx_word' id='word_1_39' title='bbox 186 916 269 965; x_wconf 86' lang='lat' dir='ltr'>missis,</span> <span class='ocrx_word' id='word_1_40' title='bbox 287 915 314 958; x_wconf 92' lang='lat' dir='ltr'>de</span> <span class='ocrx_word' id='word_1_41' title='bbox 329 929 432 972; x_wconf 82' lang='lat' dir='ltr'>processu</span> <span class='ocrx_word' id='word_1_42' title='bbox 448 928 498 958; x_wconf 87' lang='lat' dir='ltr'>vero</span> <span class='ocrx_word' id='word_1_43' title='bbox 515 929 571 971; x_wconf 86' lang='lat' dir='ltr'>quae</span> <span class='ocrx_word' id='word_1_44' title='bbox 586 917 658 972; x_wconf 83' lang='lat' dir='ltr'>accepi</span> <span class='ocrx_word' id='word_1_45' title='bbox 673 931 700 959; x_wconf 89' lang='lat' dir='ltr'>ex</span> <span class='ocrx_word' id='word_1_46' title='bbox 713 916 763 961; x_wconf 86' lang='lat' dir='ltr'>fide</span> <span class='ocrx_word' id='word_1_47' title='bbox 772 918 853 974; x_wconf 80' lang='lat' dir='ltr'><strong>dignis,</strong></span> <span class='ocrx_word' id='word_1_48' title='bbox 870 918 949 973; x_wconf 86' lang='lat' dir='ltr'>accipe,</span> <span class='ocrx_word' id='word_1_49' title='bbox 962 921 984 959; x_wconf 86' lang='lat' dir='ltr'>et</span> <span class='ocrx_word' id='word_1_50' title='bbox 998 922 1057 960; x_wconf 89' lang='lat' dir='ltr'>certo</span> 
     </span>
     <span class='ocr_line' id='line_1_8' title="bbox 188 986 1056 1044; baseline 0.001 -16"><span class='ocrx_word' id='word_1_51' title='bbox 188 987 244 1028; x_wconf 86' lang='lat' dir='ltr'>scias</span> <span class='ocrx_word' id='word_1_52' title='bbox 255 986 314 1042; x_wconf 88' lang='lat' dir='ltr'>quod</span> <span class='ocrx_word' id='word_1_53' title='bbox 330 987 403 1042; x_wconf 91' lang='lat' dir='ltr'>potius</span> <span class='ocrx_word' id='word_1_54' title='bbox 414 986 486 1028; x_wconf 87' lang='lat' dir='ltr'>multa</span> <span class='ocrx_word' id='word_1_55' title='bbox 496 999 522 1028; x_wconf 86' lang='lat' dir='ltr'>ex</span> <span class='ocrx_word' id='word_1_56' title='bbox 532 986 570 1029; x_wconf 88' lang='lat' dir='ltr'>his</span> <span class='ocrx_word' id='word_1_57' title='bbox 581 1001 636 1043; x_wconf 83' lang='lat' dir='ltr'>quae</span> <span class='ocrx_word' id='word_1_58' title='bbox 646 1002 697 1030; x_wconf 79' lang='lat' dir='ltr'>vera</span> <span class='ocrx_word' id='word_1_59' title='bbox 710 993 764 1031; x_wconf 88' lang='lat' dir='ltr'>sunt</span> <span class='ocrx_word' id='word_1_60' title='bbox 775 992 796 1032; x_wconf 87' lang='lat' dir='ltr'>et</span> <span class='ocrx_word' id='word_1_61' title='bbox 806 1002 856 1032; x_wconf 85' lang='lat' dir='ltr'>vere</span> <span class='ocrx_word' id='word_1_62' title='bbox 866 1002 957 1044; x_wconf 88' lang='lat' dir='ltr'>possum</span> <span class='ocrx_word' id='word_1_63' title='bbox 968 989 1056 1040; x_wconf 83' lang='lat' dir='ltr'>referre,</span> 
     </span>
     <span class='ocr_line' id='line_1_9' title="bbox 186 1057 1056 1115; baseline 0.002 -16"><span class='ocrx_word' id='word_1_64' title='bbox 186 1058 297 1108; x_wconf 81' lang='lat' dir='ltr'>reticeam,</span> <span class='ocrx_word' id='word_1_65' title='bbox 316 1072 382 1114; x_wconf 88' lang='lat' dir='ltr'>quam</span> <span class='ocrx_word' id='word_1_66' title='bbox 401 1057 521 1114; x_wconf 79' lang='lat' dir='ltr'><strong>quidquam</strong></span> <span class='ocrx_word' id='word_1_67' title='bbox 538 1059 596 1101; x_wconf 86' lang='lat' dir='ltr'>ultra</span> <span class='ocrx_word' id='word_1_68' title='bbox 611 1059 727 1101; x_wconf 84' lang='lat' dir='ltr'>veritatem</span> <span class='ocrx_word' id='word_1_69' title='bbox 746 1060 856 1103; x_wconf 73' lang='lat' dir='ltr'><strong>extollam.</strong></span> <span class='ocrx_word' id='word_1_70' title='bbox 889 1059 1008 1115; x_wconf 73' lang='lat' dir='ltr'>Praecipua</span> <span class='ocrx_word' id='word_1_71' title='bbox 1019 1073 1056 1101; x_wconf 89' lang='lat' dir='ltr'>no-</span> 
     </span>
     <span class='ocr_line' id='line_1_10' title="bbox 187 1129 1057 1187; baseline 0.001 -16"><span class='ocrx_word' id='word_1_72' title='bbox 187 1129 263 1172; x_wconf 86' lang='lat' dir='ltr'>bilitas</span> <span class='ocrx_word' id='word_1_73' title='bbox 273 1129 342 1172; x_wconf 89' lang='lat' dir='ltr'>totius</span> <span class='ocrx_word' id='word_1_74' title='bbox 353 1129 476 1172; x_wconf 76' lang='lat' dir='ltr'>Hiberniae</span> <span class='ocrx_word' id='word_1_75' title='bbox 487 1133 562 1173; x_wconf 84' lang='lat' dir='ltr'>contra</span> <span class='ocrx_word' id='word_1_76' title='bbox 575 1130 695 1173; x_wconf 84' lang='lat' dir='ltr'>haereticos</span> <span class='ocrx_word' id='word_1_77' title='bbox 707 1145 767 1173; x_wconf 87' lang='lat' dir='ltr'>arma</span> <span class='ocrx_word' id='word_1_78' title='bbox 778 1135 927 1187; x_wconf 82' lang='lat' dir='ltr'>sumpserunt,</span> <span class='ocrx_word' id='word_1_79' title='bbox 940 1134 1057 1186; x_wconf 84' lang='lat' dir='ltr'>sequentes</span> 
     </span>
     <span class='ocr_line' id='line_1_11' title="bbox 188 1199 1055 1256; baseline -0.002 -14"><span class='ocrx_word' id='word_1_80' title='bbox 188 1200 287 1242; x_wconf 86' lang='lat' dir='ltr'>civitates</span> <span class='ocrx_word' id='word_1_81' title='bbox 304 1200 475 1256; x_wconf 82' lang='lat' dir='ltr'>interceperunt,</span> <span class='ocrx_word' id='word_1_82' title='bbox 489 1199 590 1243; x_wconf 83' lang='lat' dir='ltr'>videlicet</span> <span class='ocrx_word' id='word_1_83' title='bbox 604 1201 697 1242; x_wconf 88' lang='lat' dir='ltr'>Deriunn</span> <span class='ocrx_word' id='word_1_84' title='bbox 716 1200 739 1241; x_wconf 84' lang='lat' dir='ltr'>S.</span> <span class='ocrx_word' id='word_1_85' title='bbox 752 1200 878 1252; x_wconf 77' lang='lat' dir='ltr'>Columbae,</span> <span class='ocrx_word' id='word_1_86' title='bbox 896 1199 1055 1251; x_wconf 70' lang='lat' dir='ltr'>Opimianum,</span> 
     </span>
     <span class='ocr_line' id='line_1_12' title="bbox 188 1269 1055 1326; baseline 0 -15"><span class='ocrx_word' id='word_1_87' title='bbox 188 1270 276 1312; x_wconf 87' lang='lat' dir='ltr'>Petram</span> <span class='ocrx_word' id='word_1_88' title='bbox 283 1270 389 1326; x_wconf 80' lang='lat' dir='ltr'>Fergutii,</span> <span class='ocrx_word' id='word_1_89' title='bbox 398 1271 520 1321; x_wconf 79' lang='lat' dir='ltr'>Niverium</span> <span class='ocrx_word' id='word_1_90' title='bbox 526 1270 644 1320; x_wconf 83' lang='lat' dir='ltr'>Oarlinam,</span> <span class='ocrx_word' id='word_1_91' title='bbox 650 1269 913 1321; x_wconf 76' lang='lat' dir='ltr'>Dunum,Dundalkiam,</span> <span class='ocrx_word' id='word_1_92' title='bbox 922 1270 1055 1322; x_wconf 83' lang='lat' dir='ltr'>Pontanum,</span> 
     </span>
     <span class='ocr_line' id='line_1_13' title="bbox 187 1340 1057 1397; baseline 0 -16"><span class='ocrx_word' id='word_1_93' title='bbox 187 1340 283 1391; x_wconf 71' lang='lat' dir='ltr'>Atrium,</span> <span class='ocrx_word' id='word_1_94' title='bbox 304 1341 423 1391; x_wconf 77' lang='lat' dir='ltr'>Gallinam,</span> <span class='ocrx_word' id='word_1_95' title='bbox 441 1340 579 1395; x_wconf 65' lang='lat' dir='ltr'>Corragum,</span> <span class='ocrx_word' id='word_1_96' title='bbox 599 1340 782 1396; x_wconf 80' lang='lat' dir='ltr'>Dungannanum</span> <span class='ocrx_word' id='word_1_97' title='bbox 800 1355 867 1397; x_wconf 89' lang='lat' dir='ltr'>prope</span> <span class='ocrx_word' id='word_1_98' title='bbox 886 1340 1057 1383; x_wconf 81' lang='lat' dir='ltr'>Wateriordiam</span> 
     </span>
     <span class='ocr_line' id='line_1_14' title="bbox 187 1409 1056 1468; baseline 0.001 -17"><span class='ocrx_word' id='word_1_99' title='bbox 187 1409 256 1465; x_wconf 79' lang='lat' dir='ltr'>(locus</span> <span class='ocrx_word' id='word_1_100' title='bbox 267 1413 302 1452; x_wconf 85' lang='lat' dir='ltr'>est</span> <span class='ocrx_word' id='word_1_101' title='bbox 312 1411 477 1453; x_wconf 86' lang='lat' dir='ltr'>munitissimus</span> <span class='ocrx_word' id='word_1_102' title='bbox 488 1411 525 1466; x_wconf 85' lang='lat' dir='ltr'>qui</span> <span class='ocrx_word' id='word_1_103' title='bbox 536 1411 663 1453; x_wconf 73' lang='lat' dir='ltr'>dominatur</span> <span class='ocrx_word' id='word_1_104' title='bbox 670 1410 727 1452; x_wconf 80' lang='lat' dir='ltr'>inari</span> <span class='ocrx_word' id='word_1_105' title='bbox 737 1424 776 1466; x_wconf 90' lang='lat' dir='ltr'>per</span> <span class='ocrx_word' id='word_1_106' title='bbox 787 1411 844 1468; x_wconf 85' lang='lat' dir='ltr'>quod</span> <span class='ocrx_word' id='word_1_107' title='bbox 854 1411 959 1453; x_wconf 86' lang='lat' dir='ltr'>introitur</span> <span class='ocrx_word' id='word_1_108' title='bbox 970 1410 1056 1453; x_wconf 65' lang='lat' dir='ltr'>bilater-</span> 
     </span>
     <span class='ocr_line' id='line_1_15' title="bbox 185 1478 1057 1537; baseline 0.002 -16"><span class='ocrx_word' id='word_1_109' title='bbox 185 1478 290 1535; x_wconf 86' lang='lat' dir='ltr'>lordiam)</span> <span class='ocrx_word' id='word_1_110' title='bbox 306 1480 445 1523; x_wconf 82' lang='lat' dir='ltr'>Kilmantam</span> <span class='ocrx_word' id='word_1_111' title='bbox 463 1481 486 1523; x_wconf 91' lang='lat' dir='ltr'>in</span> <span class='ocrx_word' id='word_1_112' title='bbox 502 1480 608 1536; x_wconf 76' lang='lat' dir='ltr'>Lagania,</span> <span class='ocrx_word' id='word_1_113' title='bbox 627 1484 648 1523; x_wconf 87' lang='lat' dir='ltr'>et</span> <span class='ocrx_word' id='word_1_114' title='bbox 664 1483 750 1522; x_wconf 85' lang='lat' dir='ltr'>caetera</span> <span class='ocrx_word' id='word_1_115' title='bbox 765 1481 812 1524; x_wconf 90' lang='lat' dir='ltr'>loca</span> <span class='ocrx_word' id='word_1_116' title='bbox 828 1481 855 1524; x_wconf 89' lang='lat' dir='ltr'>ab</span> <span class='ocrx_word' id='word_1_117' title='bbox 873 1481 925 1523; x_wconf 93' lang='lat' dir='ltr'>inde</span> <span class='ocrx_word' id='word_1_118' title='bbox 940 1494 1012 1537; x_wconf 88' lang='lat' dir='ltr'>usque</span> <span class='ocrx_word' id='word_1_119' title='bbox 1030 1480 1057 1523; x_wconf 90' lang='lat' dir='ltr'>ad</span> 
     </span>
     <span class='ocr_line' id='line_1_16' title="bbox 185 1550 1056 1594; baseline 0.001 -2"><span class='ocrx_word' id='word_1_120' title='bbox 185 1550 327 1594; x_wconf 89' lang='lat' dir='ltr'>Dublinium.</span> <span class='ocrx_word' id='word_1_121' title='bbox 341 1552 453 1594; x_wconf 80' lang='lat' dir='ltr'>Dominus</span> <span class='ocrx_word' id='word_1_122' title='bbox 467 1550 591 1593; x_wconf 80' lang='lat' dir='ltr'>Alexander</span> <span class='ocrx_word' id='word_1_123' title='bbox 605 1551 746 1593; x_wconf 83' lang='lat' dir='ltr'>Maedonnell</span> <span class='ocrx_word' id='word_1_124' title='bbox 756 1552 816 1593; x_wconf 84' lang='lat' dir='ltr'>filius</span> <span class='ocrx_word' id='word_1_125' title='bbox 831 1552 919 1593; x_wconf 87' lang='lat' dir='ltr'>comitis</span> <span class='ocrx_word' id='word_1_126' title='bbox 930 1550 956 1592; x_wconf 89' lang='lat' dir='ltr'>de</span> <span class='ocrx_word' id='word_1_127' title='bbox 967 1552 1056 1593; x_wconf 79' lang='lat' dir='ltr'>Antrim</span> 
     </span>
     <span class='ocr_line' id='line_1_17' title="bbox 185 1620 1055 1677; baseline 0 -14"><span class='ocrx_word' id='word_1_128' title='bbox 185 1622 229 1663; x_wconf 83' lang='lat' dir='ltr'>fuit</span> <span class='ocrx_word' id='word_1_129' title='bbox 243 1621 377 1677; x_wconf 86' lang='lat' dir='ltr'>interoeptor</span> <span class='ocrx_word' id='word_1_130' title='bbox 394 1621 456 1663; x_wconf 88' lang='lat' dir='ltr'>Derii</span> <span class='ocrx_word' id='word_1_131' title='bbox 474 1620 496 1662; x_wconf 77' lang='lat' dir='ltr'>S.</span> <span class='ocrx_word' id='word_1_132' title='bbox 514 1620 641 1671; x_wconf 77' lang='lat' dir='ltr'>Columbae,</span> <span class='ocrx_word' id='word_1_133' title='bbox 660 1621 788 1673; x_wconf 79' lang='lat' dir='ltr'>Culrahani,</span> <span class='ocrx_word' id='word_1_134' title='bbox 800 1621 878 1663; x_wconf 90' lang='lat' dir='ltr'>Petrae</span> <span class='ocrx_word' id='word_1_135' title='bbox 895 1621 1010 1676; x_wconf 81' lang='lat' dir='ltr'>Fergutii:</span> <span class='ocrx_word' id='word_1_136' title='bbox 1027 1622 1055 1663; x_wconf 88' lang='lat' dir='ltr'>D.</span> 
     </span>
     <span class='ocr_line' id='line_1_18' title="bbox 188 1685 1055 1748; baseline -0.002 -13"><span class='ocrx_word' id='word_1_137' title='bbox 188 1692 349 1735; x_wconf 69' lang='lat' dir='ltr'>Constantinus</span> <span class='ocrx_word' id='word_1_138' title='bbox 371 1692 491 1748; x_wconf 77' lang='lat' dir='ltr'>Magnesii‚</span> <span class='ocrx_word' id='word_1_139' title='bbox 507 1691 640 1747; x_wconf 85' lang='lat' dir='ltr'>interceptor</span> <span class='ocrx_word' id='word_1_140' title='bbox 662 1691 754 1742; x_wconf 71' lang='lat' dir='ltr'>Niterii,</span> <span class='ocrx_word' id='word_1_141' title='bbox 770 1692 831 1733; x_wconf 90' lang='lat' dir='ltr'>Duni</span> <span class='ocrx_word' id='word_1_142' title='bbox 850 1685 871 1734; x_wconf 87' lang='lat' dir='ltr'>et</span> <span class='ocrx_word' id='word_1_143' title='bbox 889 1691 1003 1734; x_wconf 80' lang='lat' dir='ltr'>Oarlinae:</span> <span class='ocrx_word' id='word_1_144' title='bbox 1027 1692 1055 1733; x_wconf 89' lang='lat' dir='ltr'>D.</span> 
     </span>
     <span class='ocr_line' id='line_1_19' title="bbox 187 1762 1057 1818; baseline -0.001 -13"><span class='ocrx_word' id='word_1_145' title='bbox 187 1763 251 1805; x_wconf 84' lang='lat' dir='ltr'>Felix</span> <span class='ocrx_word' id='word_1_146' title='bbox 261 1762 340 1806; x_wconf 76' lang='lat' dir='ltr'>Rullus</span> <span class='ocrx_word' id='word_1_147' title='bbox 352 1763 430 1805; x_wconf 79' lang='lat' dir='ltr'>O&#39;Neil</span> <span class='ocrx_word' id='word_1_148' title='bbox 441 1762 576 1817; x_wconf 85' lang='lat' dir='ltr'>reliquorum</span> <span class='ocrx_word' id='word_1_149' title='bbox 586 1762 686 1804; x_wconf 86' lang='lat' dir='ltr'>omniurn</span> <span class='ocrx_word' id='word_1_150' title='bbox 696 1762 793 1805; x_wconf 88' lang='lat' dir='ltr'>locorum</span> <span class='ocrx_word' id='word_1_151' title='bbox 810 1762 955 1818; x_wconf 83' lang='lat' dir='ltr'>adjacentium</span> <span class='ocrx_word' id='word_1_152' title='bbox 966 1762 1057 1805; x_wconf 82' lang='lat' dir='ltr'>Provin-</span> 
     </span>
     <span class='ocr_line' id='line_1_20' title="bbox 188 1830 1055 1887; baseline -0.001 -12"><span class='ocrx_word' id='word_1_153' title='bbox 188 1833 234 1875; x_wconf 89' lang='lat' dir='ltr'>ciae</span> <span class='ocrx_word' id='word_1_154' title='bbox 245 1833 361 1875; x_wconf 85' lang='lat' dir='ltr'>Ultoniae:</span> <span class='ocrx_word' id='word_1_155' title='bbox 379 1832 409 1874; x_wconf 91' lang='lat' dir='ltr'>D.</span> <span class='ocrx_word' id='word_1_156' title='bbox 421 1832 488 1887; x_wconf 79' lang='lat' dir='ltr'>Hugo</span> <span class='ocrx_word' id='word_1_157' title='bbox 497 1830 597 1874; x_wconf 87' lang='lat' dir='ltr'>Phelemi</span> <span class='ocrx_word' id='word_1_158' title='bbox 608 1832 657 1873; x_wconf 84' lang='lat' dir='ltr'>Mac</span> <span class='ocrx_word' id='word_1_159' title='bbox 668 1832 740 1873; x_wconf 89' lang='lat' dir='ltr'>Bruin</span> <span class='ocrx_word' id='word_1_160' title='bbox 751 1832 892 1887; x_wconf 78' lang='lat' dir='ltr'>Dunganani,</span> <span class='ocrx_word' id='word_1_161' title='bbox 904 1831 1055 1887; x_wconf 79' lang='lat' dir='ltr'>Dungarvani,</span> 
     </span>
     <span class='ocr_line' id='line_1_21' title="bbox 187 1893 1056 1956; baseline 0.001 -11"><span class='ocrx_word' id='word_1_162' title='bbox 187 1893 333 1956; x_wconf 80' lang='lat' dir='ltr'>Kilmantani,</span> <span class='ocrx_word' id='word_1_163' title='bbox 342 1908 364 1946; x_wconf 89' lang='lat' dir='ltr'>et</span> <span class='ocrx_word' id='word_1_164' title='bbox 371 1903 442 1946; x_wconf 86' lang='lat' dir='ltr'>totius</span> <span class='ocrx_word' id='word_1_165' title='bbox 450 1902 510 1945; x_wconf 85' lang='lat' dir='ltr'>illius</span> <span class='ocrx_word' id='word_1_166' title='bbox 519 1903 635 1945; x_wconf 85' lang='lat' dir='ltr'>comitatus</span> <span class='ocrx_word' id='word_1_167' title='bbox 644 1916 648 1943; x_wconf 75' lang='grc' dir='ltr'><em>ι</em></span> <span class='ocrx_word' id='word_1_168' title='bbox 665 1902 693 1944; x_wconf 91' lang='lat' dir='ltr'>D.</span> <span class='ocrx_word' id='word_1_169' title='bbox 703 1902 829 1945; x_wconf 82' lang='lat' dir='ltr'>Vieecomes</span> <span class='ocrx_word' id='word_1_170' title='bbox 838 1901 952 1944; x_wconf 82' lang='lat' dir='ltr'>Roolraeus</span> <span class='ocrx_word' id='word_1_171' title='bbox 961 1904 1056 1946; x_wconf 83' lang='lat' dir='ltr'>civitatis</span> 
     </span>
     <span class='ocr_line' id='line_1_22' title="bbox 187 1972 1053 2030; baseline 0.001 -14"><span class='ocrx_word' id='word_1_172' title='bbox 187 1974 352 2027; x_wconf 68' lang='lat' dir='ltr'>Concupiensis:</span> <span class='ocrx_word' id='word_1_173' title='bbox 374 1974 468 2016; x_wconf 85' lang='lat' dir='ltr'>civitatis</span> <span class='ocrx_word' id='word_1_174' title='bbox 484 1972 615 2024; x_wconf 77' lang='lat' dir='ltr'>Galviensis,</span> <span class='ocrx_word' id='word_1_175' title='bbox 632 1974 744 2016; x_wconf 89' lang='lat' dir='ltr'>nescimus</span> <span class='ocrx_word' id='word_1_176' title='bbox 760 1974 809 2030; x_wconf 90' lang='lat' dir='ltr'>quis</span> <span class='ocrx_word' id='word_1_177' title='bbox 829 1974 895 2016; x_wconf 85' lang='lat' dir='ltr'>luerit</span> <span class='ocrx_word' id='word_1_178' title='bbox 913 1973 1053 2030; x_wconf 84' lang='lat' dir='ltr'>interceptcr,</span> 
     </span>
     <span class='ocr_line' id='line_1_23' title="bbox 185 2042 1055 2101; baseline 0.001 -15"><span class='ocrx_word' id='word_1_179' title='bbox 185 2045 236 2101; x_wconf 85' lang='lat' dir='ltr'>quia</span> <span class='ocrx_word' id='word_1_180' title='bbox 242 2043 311 2099; x_wconf 82' lang='lat' dir='ltr'>Angli</span> <span class='ocrx_word' id='word_1_181' title='bbox 320 2043 445 2099; x_wconf 89' lang='lat' dir='ltr'>impediunt</span> <span class='ocrx_word' id='word_1_182' title='bbox 451 2056 540 2085; x_wconf 88' lang='lat' dir='ltr'>omnem</span> <span class='ocrx_word' id='word_1_183' title='bbox 547 2042 632 2085; x_wconf 86' lang='lat' dir='ltr'>aditum</span> <span class='ocrx_word' id='word_1_184' title='bbox 640 2046 662 2085; x_wconf 89' lang='lat' dir='ltr'>et</span> <span class='ocrx_word' id='word_1_185' title='bbox 670 2043 755 2085; x_wconf 86' lang='lat' dir='ltr'>exitum</span> <span class='ocrx_word' id='word_1_186' title='bbox 762 2043 789 2086; x_wconf 88' lang='lat' dir='ltr'>ad</span> <span class='ocrx_word' id='word_1_187' title='bbox 796 2044 898 2099; x_wconf 86' lang='lat' dir='ltr'>patriam.</span> <span class='ocrx_word' id='word_1_188' title='bbox 925 2043 969 2086; x_wconf 88' lang='lat' dir='ltr'>His</span> <span class='ocrx_word' id='word_1_189' title='bbox 980 2045 1055 2100; x_wconf 82' lang='lat' dir='ltr'>itaque</span> 
     </span>
     <span class='ocr_line' id='line_1_24' title="bbox 184 2113 1055 2170; baseline 0.001 -13"><span class='ocrx_word' id='word_1_190' title='bbox 184 2114 319 2166; x_wconf 89' lang='lat' dir='ltr'>constitutis,</span> <span class='ocrx_word' id='word_1_191' title='bbox 332 2118 353 2157; x_wconf 90' lang='lat' dir='ltr'>et</span> <span class='ocrx_word' id='word_1_192' title='bbox 363 2114 446 2157; x_wconf 87' lang='lat' dir='ltr'>relictis</span> <span class='ocrx_word' id='word_1_193' title='bbox 457 2113 539 2169; x_wconf 87' lang='lat' dir='ltr'>ubique</span> <span class='ocrx_word' id='word_1_194' title='bbox 549 2114 671 2170; x_wconf 79' lang='lat' dir='ltr'>praesidiis,</span> <span class='ocrx_word' id='word_1_195' title='bbox 688 2128 766 2158; x_wconf 87' lang='lat' dir='ltr'>ornnes</span> <span class='ocrx_word' id='word_1_196' title='bbox 778 2130 804 2157; x_wconf 82' lang='lat' dir='ltr'>ex</span> <span class='ocrx_word' id='word_1_197' title='bbox 814 2115 918 2157; x_wconf 89' lang='lat' dir='ltr'>omnibus</span> <span class='ocrx_word' id='word_1_198' title='bbox 933 2114 1055 2158; x_wconf 85' lang='lat' dir='ltr'>Hiberniae</span> 
     </span>
     <span class='ocr_line' id='line_1_25' title="bbox 184 2184 1054 2243; baseline 0.001 -15"><span class='ocrx_word' id='word_1_199' title='bbox 184 2186 285 2243; x_wconf 84' lang='lat' dir='ltr'>partibus</span> <span class='ocrx_word' id='word_1_200' title='bbox 295 2186 411 2229; x_wconf 83' lang='lat' dir='ltr'>conferunt</span> <span class='ocrx_word' id='word_1_201' title='bbox 424 2199 447 2228; x_wconf 86' lang='lat' dir='ltr'>se</span> <span class='ocrx_word' id='word_1_202' title='bbox 458 2184 589 2228; x_wconf 88' lang='lat' dir='ltr'>Dublinium</span> <span class='ocrx_word' id='word_1_203' title='bbox 600 2199 676 2228; x_wconf 82' lang='lat' dir='ltr'>versus</span> <span class='ocrx_word' id='word_1_204' title='bbox 687 2188 713 2228; x_wconf 89' lang='lat' dir='ltr'>ut</span> <span class='ocrx_word' id='word_1_205' title='bbox 724 2185 832 2228; x_wconf 80' lang='lat' dir='ltr'>civitatem</span> <span class='ocrx_word' id='word_1_206' title='bbox 844 2186 931 2242; x_wconf 84' lang='lat' dir='ltr'>capiant</span> <span class='ocrx_word' id='word_1_207' title='bbox 939 2189 960 2228; x_wconf 89' lang='lat' dir='ltr'>et</span> <span class='ocrx_word' id='word_1_208' title='bbox 969 2186 1054 2229; x_wconf 84' lang='lat' dir='ltr'>nobiles</span> 
     </span>
     <span class='ocr_line' id='line_1_26' title="bbox 184 2256 1054 2314; baseline -0.001 -14"><span class='ocrx_word' id='word_1_209' title='bbox 184 2259 288 2314; x_wconf 80' lang='lat' dir='ltr'>captivos,</span> <span class='ocrx_word' id='word_1_210' title='bbox 311 2258 337 2300; x_wconf 91' lang='lat' dir='ltr'>de</span> <span class='ocrx_word' id='word_1_211' title='bbox 353 2256 435 2312; x_wconf 82' lang='lat' dir='ltr'>quibus</span> <span class='ocrx_word' id='word_1_212' title='bbox 451 2256 552 2309; x_wconf 86' lang='lat' dir='ltr'>audistis,</span> <span class='ocrx_word' id='word_1_213' title='bbox 575 2257 675 2300; x_wconf 82' lang='lat' dir='ltr'>liberent.</span> <span class='ocrx_word' id='word_1_214' title='bbox 706 2256 820 2300; x_wconf 85' lang='lat' dir='ltr'>Numerus</span> <span class='ocrx_word' id='word_1_215' title='bbox 836 2258 943 2300; x_wconf 85' lang='lat' dir='ltr'>exercitus</span> <span class='ocrx_word' id='word_1_216' title='bbox 959 2258 1054 2301; x_wconf 84' lang='lat' dir='ltr'>excessit</span> 
     </span>
     <span class='ocr_line' id='line_1_27' title="bbox 184 2327 1054 2384; baseline 0 -14"><span class='ocrx_word' id='word_1_217' title='bbox 184 2328 277 2384; x_wconf 80' lang='lat' dir='ltr'>triginta</span> <span class='ocrx_word' id='word_1_218' title='bbox 295 2328 371 2370; x_wconf 86' lang='lat' dir='ltr'>millia.</span> <span class='ocrx_word' id='word_1_219' title='bbox 407 2328 435 2369; x_wconf 92' lang='lat' dir='ltr'>D.</span> <span class='ocrx_word' id='word_1_220' title='bbox 452 2327 577 2384; x_wconf 87' lang='lat' dir='ltr'>Phillippus</span> <span class='ocrx_word' id='word_1_221' title='bbox 594 2328 658 2384; x_wconf 84' lang='lat' dir='ltr'>Relly</span> <span class='ocrx_word' id='word_1_222' title='bbox 676 2341 727 2370; x_wconf 90' lang='lat' dir='ltr'>cum</span> <span class='ocrx_word' id='word_1_223' title='bbox 744 2329 791 2371; x_wconf 87' lang='lat' dir='ltr'>suis</span> <span class='ocrx_word' id='word_1_224' title='bbox 807 2329 898 2371; x_wconf 84' lang='lat' dir='ltr'>accessit</span> <span class='ocrx_word' id='word_1_225' title='bbox 915 2328 941 2370; x_wconf 90' lang='lat' dir='ltr'>ad</span> <span class='ocrx_word' id='word_1_226' title='bbox 956 2329 1054 2384; x_wconf 84' lang='lat' dir='ltr'>reliquos</span> 
     </span>
     <span class='ocr_line' id='line_1_28' title="bbox 184 2397 1051 2448; baseline -0.001 -8"><span class='ocrx_word' id='word_1_227' title='bbox 184 2397 277 2448; x_wconf 84' lang='lat' dir='ltr'>nobiles,</span> <span class='ocrx_word' id='word_1_228' title='bbox 289 2401 311 2438; x_wconf 91' lang='lat' dir='ltr'>et</span> <span class='ocrx_word' id='word_1_229' title='bbox 322 2411 379 2439; x_wconf 90' lang='lat' dir='ltr'>nunc</span> <span class='ocrx_word' id='word_1_230' title='bbox 391 2402 424 2441; x_wconf 88' lang='lat' dir='ltr'>est</span> <span class='ocrx_word' id='word_1_231' title='bbox 440 2399 532 2441; x_wconf 85' lang='lat' dir='ltr'>cumeis</span> <span class='ocrx_word' id='word_1_232' title='bbox 548 2400 572 2441; x_wconf 92' lang='lat' dir='ltr'>in</span> <span class='ocrx_word' id='word_1_233' title='bbox 589 2398 701 2441; x_wconf 74' lang='lat' dir='ltr'>obsidione</span> <span class='ocrx_word' id='word_1_234' title='bbox 717 2398 812 2442; x_wconf 81' lang='lat' dir='ltr'>civitatis</span> <span class='ocrx_word' id='word_1_235' title='bbox 828 2398 990 2441; x_wconf 88' lang='lat' dir='ltr'>Dubliniensis.</span> <span class='ocrx_word' id='word_1_236' title='bbox 1023 2397 1051 2440; x_wconf 92' lang='lat' dir='ltr'>D.</span> 
     </span>
     <span class='ocr_line' id='line_1_29' title="bbox 184 2467 1052 2525; baseline 0.001 -15"><span class='ocrx_word' id='word_1_237' title='bbox 184 2467 315 2523; x_wconf 82' lang='lat' dir='ltr'>Magnesius</span> <span class='ocrx_word' id='word_1_238' title='bbox 326 2481 376 2509; x_wconf 90' lang='lat' dir='ltr'>cum</span> <span class='ocrx_word' id='word_1_239' title='bbox 386 2468 416 2509; x_wconf 88' lang='lat' dir='ltr'>D.</span> <span class='ocrx_word' id='word_1_240' title='bbox 427 2468 551 2512; x_wconf 83' lang='lat' dir='ltr'>Alexandro</span> <span class='ocrx_word' id='word_1_241' title='bbox 562 2469 692 2521; x_wconf 76' lang='lat' dir='ltr'>blandonell,</span> <span class='ocrx_word' id='word_1_242' title='bbox 710 2469 823 2525; x_wconf 84' lang='lat' dir='ltr'>conjuncti</span> <span class='ocrx_word' id='word_1_243' title='bbox 839 2482 890 2510; x_wconf 89' lang='lat' dir='ltr'>cum</span> <span class='ocrx_word' id='word_1_244' title='bbox 907 2467 1052 2511; x_wconf 86' lang='lat' dir='ltr'>Medensibus</span> 
     </span>
     <span class='ocr_line' id='line_1_30' title="bbox 183 2537 1098 2595; baseline 0 -15"><span class='ocrx_word' id='word_1_245' title='bbox 183 2537 332 2594; x_wconf 86' lang='lat' dir='ltr'>impedierunt</span> <span class='ocrx_word' id='word_1_246' title='bbox 353 2551 441 2579; x_wconf 87' lang='lat' dir='ltr'>omnem</span> <span class='ocrx_word' id='word_1_247' title='bbox 463 2538 588 2593; x_wconf 82' lang='lat' dir='ltr'>ingressum</span> <span class='ocrx_word' id='word_1_248' title='bbox 611 2542 632 2582; x_wconf 84' lang='lat' dir='ltr'>et</span> <span class='ocrx_word' id='word_1_249' title='bbox 650 2553 766 2595; x_wconf 80' lang='lat' dir='ltr'>egressum</span> <span class='ocrx_word' id='word_1_250' title='bbox 785 2554 811 2581; x_wconf 91' lang='lat' dir='ltr'>ex</span> <span class='ocrx_word' id='word_1_251' title='bbox 834 2539 922 2581; x_wconf 83' lang='lat' dir='ltr'>civitate</span> <span class='ocrx_word' id='word_1_252' title='bbox 941 2537 1051 2581; x_wconf 86' lang='lat' dir='ltr'>Dublinii.</span> <span class='ocrx_word' id='word_1_253' title='bbox 1096 2592 1098 2595; x_wconf 45' lang='lat'>.</span> 
     </span>
     <span class='ocr_line' id='line_1_31' title="bbox 182 2607 1051 2666; baseline 0.001 -15"><span class='ocrx_word' id='word_1_254' title='bbox 182 2609 295 2651; x_wconf 84' lang='lat' dir='ltr'>Miserunt</span> <span class='ocrx_word' id='word_1_255' title='bbox 311 2608 421 2650; x_wconf 86' lang='lat' dir='ltr'>nuncium</span> <span class='ocrx_word' id='word_1_256' title='bbox 435 2607 463 2649; x_wconf 88' lang='lat' dir='ltr'>ad</span> <span class='ocrx_word' id='word_1_257' title='bbox 480 2607 607 2661; x_wconf 68' lang='lat' dir='ltr'>haereticos</span> <span class='ocrx_word' id='word_1_258' title='bbox 623 2610 662 2666; x_wconf 80' lang='lat' dir='ltr'>qui</span> <span class='ocrx_word' id='word_1_259' title='bbox 679 2610 822 2652; x_wconf 86' lang='lat' dir='ltr'>minabantur</span> <span class='ocrx_word' id='word_1_260' title='bbox 832 2608 942 2651; x_wconf 78' lang='lat' dir='ltr'>nobilibus</span> <span class='ocrx_word' id='word_1_261' title='bbox 958 2610 1051 2665; x_wconf 84' lang='lat' dir='ltr'>captivis</span> 
     </span>
     <span class='ocr_line' id='line_1_32' title="bbox 182 2679 1066 2736; baseline 0.001 -14"><span class='ocrx_word' id='word_1_262' title='bbox 182 2684 284 2729; x_wconf 85' lang='lat' dir='ltr'>mortem,</span> <span class='ocrx_word' id='word_1_263' title='bbox 295 2679 354 2735; x_wconf 88' lang='lat' dir='ltr'>quod</span> <span class='ocrx_word' id='word_1_264' title='bbox 365 2679 384 2721; x_wconf 88' lang='lat' dir='ltr'>si</span> <span class='ocrx_word' id='word_1_265' title='bbox 396 2691 466 2720; x_wconf 88' lang='lat' dir='ltr'>unam</span> <span class='ocrx_word' id='word_1_266' title='bbox 477 2681 563 2732; x_wconf 70' lang='lat' dir='ltr'>guttam</span> <span class='ocrx_word' id='word_1_267' title='bbox 574 2694 648 2723; x_wconf 90' lang='lat' dir='ltr'>eorum</span> <span class='ocrx_word' id='word_1_268' title='bbox 661 2681 778 2736; x_wconf 79' lang='lat' dir='ltr'>sanguinis</span> <span class='ocrx_word' id='word_1_269' title='bbox 792 2679 911 2730; x_wconf 80' lang='lat' dir='ltr'>fudissent,</span> <span class='ocrx_word' id='word_1_270' title='bbox 924 2680 1052 2736; x_wconf 87' lang='lat' dir='ltr'>centuplum</span> <span class='ocrx_word' id='word_1_271' title='bbox 1065 2729 1066 2732; x_wconf 11' lang='grc' dir='ltr'><strong>Ἴ</strong></span> 
     </span>
     <span class='ocr_line' id='line_1_33' title="bbox 181 2748 1052 2806; baseline 0.002 -14"><span class='ocrx_word' id='word_1_272' title='bbox 181 2751 251 2793; x_wconf 87' lang='lat' dir='ltr'>lueret</span> <span class='ocrx_word' id='word_1_273' title='bbox 268 2750 383 2806; x_wconf 83' lang='lat' dir='ltr'>sanguinis</span> <span class='ocrx_word' id='word_1_274' title='bbox 394 2748 555 2791; x_wconf 85' lang='lat' dir='ltr'>haeretieorum</span> <span class='ocrx_word' id='word_1_275' title='bbox 562 2749 691 2806; x_wconf 81' lang='lat' dir='ltr'>Anglorum,</span> <span class='ocrx_word' id='word_1_276' title='bbox 701 2750 785 2792; x_wconf 90' lang='lat' dir='ltr'>multos</span> <span class='ocrx_word' id='word_1_277' title='bbox 795 2750 855 2792; x_wconf 91' lang='lat' dir='ltr'>enim</span> <span class='ocrx_word' id='word_1_278' title='bbox 865 2763 956 2805; x_wconf 83' lang='lat' dir='ltr'>magnos</span> <span class='ocrx_word' id='word_1_279' title='bbox 968 2751 1052 2794; x_wconf 88' lang='lat' dir='ltr'>nobiles</span> 
     </span>
     <span class='ocr_line' id='line_1_34' title="bbox 180 2817 1051 2876; baseline 0.002 -14"><span class='ocrx_word' id='word_1_280' title='bbox 180 2820 305 2876; x_wconf 65' lang='lat' dir='ltr'>anglorum</span> <span class='ocrx_word' id='word_1_281' title='bbox 316 2820 399 2863; x_wconf 87' lang='lat' dir='ltr'>habent</span> <span class='ocrx_word' id='word_1_282' title='bbox 407 2819 430 2861; x_wconf 89' lang='lat' dir='ltr'>in</span> <span class='ocrx_word' id='word_1_283' title='bbox 442 2817 544 2862; x_wconf 82' lang='lat' dir='ltr'>vinculis.</span> <span class='ocrx_word' id='word_1_284' title='bbox 567 2819 680 2874; x_wconf 89' lang='lat' dir='ltr'>Praecipui</span> <span class='ocrx_word' id='word_1_285' title='bbox 691 2819 730 2874; x_wconf 84' lang='lat' dir='ltr'>qui</span> <span class='ocrx_word' id='word_1_286' title='bbox 738 2818 842 2861; x_wconf 87' lang='lat' dir='ltr'>dicuntur</span> <span class='ocrx_word' id='word_1_287' title='bbox 854 2820 983 2876; x_wconf 86' lang='lat' dir='ltr'>participare</span> <span class='ocrx_word' id='word_1_288' title='bbox 992 2822 1051 2864; x_wconf 90' lang='lat' dir='ltr'>mili-</span> 
     </span>
     <span class='ocr_line' id='line_1_35' title="bbox 180 2889 1051 2947; baseline 0.003 -13"><span class='ocrx_word' id='word_1_289' title='bbox 180 2895 230 2934; x_wconf 87' lang='lat' dir='ltr'>tum</span> <span class='ocrx_word' id='word_1_290' title='bbox 238 2892 352 2947; x_wconf 85' lang='lat' dir='ltr'>praefectis</span> <span class='ocrx_word' id='word_1_291' title='bbox 360 2895 414 2935; x_wconf 89' lang='lat' dir='ltr'>sunt</span> <span class='ocrx_word' id='word_1_292' title='bbox 426 2891 506 2934; x_wconf 78' lang='lat' dir='ltr'>Comes</span> <span class='ocrx_word' id='word_1_293' title='bbox 519 2889 546 2932; x_wconf 91' lang='lat' dir='ltr'>de</span> <span class='ocrx_word' id='word_1_294' title='bbox 560 2890 656 2941; x_wconf 85' lang='lat' dir='ltr'>Antrim,</span> <span class='ocrx_word' id='word_1_295' title='bbox 670 2890 750 2933; x_wconf 79' lang='lat' dir='ltr'>Comes</span> <span class='ocrx_word' id='word_1_296' title='bbox 766 2891 921 2944; x_wconf 86' lang='lat' dir='ltr'>Westrnediae,</span> <span class='ocrx_word' id='word_1_297' title='bbox 934 2892 1013 2937; x_wconf 76' lang='lat' dir='ltr'>(lomes</span> <span class='ocrx_word' id='word_1_298' title='bbox 1024 2893 1051 2936; x_wconf 86' lang='lat' dir='ltr'>de</span> 
     </span>
     <span class='ocr_line' id='line_1_36' title="bbox 181 2960 1051 3020; baseline 0.002 -15"><span class='ocrx_word' id='word_1_299' title='bbox 181 2962 330 3014; x_wconf 76' lang='lat' dir='ltr'>(ilanriekard,</span> <span class='ocrx_word' id='word_1_300' title='bbox 343 2962 381 3005; x_wconf 89' lang='lat' dir='ltr'>sed</span> <span class='ocrx_word' id='word_1_301' title='bbox 393 2965 446 3004; x_wconf 89' lang='lat' dir='ltr'>sunt</span> <span class='ocrx_word' id='word_1_302' title='bbox 456 2961 531 3018; x_wconf 85' lang='lat' dir='ltr'>plures</span> <span class='ocrx_word' id='word_1_303' title='bbox 549 2960 576 3003; x_wconf 92' lang='lat' dir='ltr'>de</span> <span class='ocrx_word' id='word_1_304' title='bbox 592 2960 671 3016; x_wconf 81' lang='lat' dir='ltr'>quibus</span> <span class='ocrx_word' id='word_1_305' title='bbox 684 2960 799 3005; x_wconf 88' lang='lat' dir='ltr'>audiemus</span> <span class='ocrx_word' id='word_1_306' title='bbox 810 2961 876 3005; x_wconf 86' lang='lat' dir='ltr'>brevi.</span> <span class='ocrx_word' id='word_1_307' title='bbox 909 2964 965 3006; x_wconf 83' lang='lat' dir='ltr'>Dus.</span> <span class='ocrx_word' id='word_1_308' title='bbox 982 2964 1051 3020; x_wconf 78' lang='lat' dir='ltr'>Hugo</span> 
     </span>
     <span class='ocr_line' id='line_1_37' title="bbox 181 3032 1050 3088; baseline 0.002 -13"><span class='ocrx_word' id='word_1_309' title='bbox 181 3033 289 3076; x_wconf 88' lang='lat' dir='ltr'>Phelimei</span> <span class='ocrx_word' id='word_1_310' title='bbox 305 3033 374 3076; x_wconf 86' lang='lat' dir='ltr'>Bruin</span> <span class='ocrx_word' id='word_1_311' title='bbox 392 3033 461 3076; x_wconf 85' lang='lat' dir='ltr'>erexit</span> <span class='ocrx_word' id='word_1_312' title='bbox 477 3033 609 3076; x_wconf 84' lang='lat' dir='ltr'>fortalitium</span> <span class='ocrx_word' id='word_1_313' title='bbox 625 3032 648 3074; x_wconf 91' lang='lat' dir='ltr'>in</span> <span class='ocrx_word' id='word_1_314' title='bbox 665 3036 731 3088; x_wconf 86' lang='lat' dir='ltr'>portu</span> <span class='ocrx_word' id='word_1_315' title='bbox 747 3033 888 3077; x_wconf 88' lang='lat' dir='ltr'>Dubliniensi</span> <span class='ocrx_word' id='word_1_316' title='bbox 903 3036 973 3077; x_wconf 88' lang='lat' dir='ltr'>totius</span> <span class='ocrx_word' id='word_1_317' title='bbox 992 3048 1050 3077; x_wconf 88' lang='lat' dir='ltr'>com-</span> 
     </span>
    </p>
   </div>
   <div class='ocr_carea' id='block_1_6' title="bbox 0 0 1212 3337">
    <p class='ocr_par' dir='ltr' id='par_1_6' title="bbox 0 0 1212 3337">
     <span class='ocr_line' id='line_1_38' title="bbox 0 0 1212 3337; baseline 0 4"><span class='ocrx_word' id='word_1_318' title='bbox 0 0 1212 3337; x_wconf 95' lang='lat' dir='ltr'> </span> 
     </span>
    </p>
   </div>
  </div>
 </body>
</html>
