2416 3337
454 179 597 210 svrcruucruru
613 178 755 209 ossonnrrvsu.
998 166 1040 207 221

173 326 249 369 adesse
270 324 398 373 universim,
416 322 550 364 contulimus
565 321 688 377 iisdemque
705 320 885 376 responsionibus
902 326 976 364 exacte
992 336 1042 364 con-

173 395 274 439 sideratis
286 406 363 435 sumus
373 391 478 443 contenti,
491 394 516 433 ut
527 390 607 447 quibus
622 390 765 433 consideratis
774 389 939 433 considerandis
948 391 1043 446 aptiores

172 465 195 506 in
207 479 232 506 eo
242 463 354 519 proposito
365 476 409 505 non
421 462 554 505 advertimus
565 462 634 505 luisse
645 461 808 519 excogitandas.
840 462 875 505 De
885 462 970 519 reliquo
981 462 1043 504 nulla

172 536 267 591 profecto
278 535 389 578 Diaecesis
396 535 420 577 in
431 535 471 577 bac
482 535 597 578 Provincia
606 533 762 577 Ardrnachana
773 534 896 584 secundum
903 538 1043 591 praesentem

171 619 246 648 rerum
262 609 345 648 statum
361 605 441 649 sufficit
452 606 507 661 Epo.
521 605 673 656 sustentando,
684 605 821 660 respiciendo
836 609 1040 661 quantumcumque

172 678 281 722 moderate
302 682 324 721 et
344 678 443 722 modeste
465 678 596 735 dignitatem
618 678 667 734 Epi.
709 677 778 721 Nulla
799 677 910 734 siquidem
928 677 1042 720 Diaecesis

171 750 298 794 Provinciae
312 751 374 794 illius
384 751 442 794 valet
453 764 525 793 annue
538 750 646 794 sexcentis
657 750 759 793 Florenis
769 748 916 802 Brabanticis,
926 748 1040 792 calculatis

171 821 273 864 omnibus
290 821 447 864 emolumentis
459 825 480 863 et
491 821 590 863 fidelium
608 821 725 863 ordinariis
740 820 907 876 largitionibus3
925 820 1037 877 quaelibet

171 905 266 946 namque
286 890 398 934 Diaecesis
414 891 512 946 ejusdem
531 892 656 933 Provinciae
677 905 715 947 per
736 891 860 947 Anglcrurn
878 895 900 934 et
919 890 1036 935 Scotorum

172 961 274 1004 (10100100
285 962 382 1017 expulsis
392 962 504 1018 indigenis
511 961 624 1017 Hybernis
635 962 673 1017 qui
682 963 724 1005 soli
734 963 758 1004 in
769 964 976 1007 Ecclesiasticormn
988 977 1038 1006 sus·-

146 1064 149 1072 ,
170 1032 315 1074 tentationem
326 1033 449 1084 conferunt,
462 1031 557 1086 singulis
578 1032 642 1073 annis
662 1031 687 1072 in
709 1032 865 1075 emolumentis
886 1033 966 1084 deficit,
986 1033 1039 1076 adeo

171 1103 228 1158 quod
246 1102 359 1145 Diaecesis
375 1117 431 1159 quae
447 1102 515 1144 valuit
532 1115 570 1144 suo
591 1101 691 1143 Praelato
713 1103 821 1144 sexcentis
843 1107 894 1144 ante
914 1102 1038 1153 biennium,

169 1174 210 1216 hoc
221 1189 279 1217 anno
290 1175 326 1216 viv
336 1174 494 1230 quadrigentos
510 1173 597 1216 conticit
608 1176 630 1215 et
640 1173 784 1215 verisimilius
794 1173 854 1215 intra
864 1173 981 1216 biennium
991 1188 1042 1230 prom

169 1245 297 1288 cedentibus
308 1249 332 1287 ut
343 1244 408 1287 modo
419 1244 541 1300 procedunt
551 1243 617 1286 rebus
628 1257 673 1286 nou
685 1244 715 1286 sit
726 1243 853 1286 confectura
864 1245 971 1287 ducentos
983 1248 1005 1286 et
1016 1244 1041 1287 iu

169 1319 215 1358 toto
241 1315 318 1371 Regno
343 1315 400 1357 nihil
432 1315 573 1366 decimarum,
601 1314 758 1374 primitiarum,
785 1314 869 1357 nedum
894 1316 1036 1371 praediorum

169 1387 288 1429 aliorumve
304 1386 433 1429 solidiorum
448 1386 560 1428 fructuum
583 1384 791 1427 Ecclesiasticorum
806 1385 909 1429 relictum
925 1391 960 1429 est
979 1386 1037 1443 quod

165 1459 298 1515 jampridem
318 1471 363 1500 non
383 1458 450 1500 fuerit
472 1457 605 1513 applicatum
627 1460 648 1498 00
669 1457 834 1512 appropriatum
856 1459 1034 1501 Protestantium

167 1531 251 1574 usibus.
257 1530 373 1572 Caeterum
379 1528 685 1579 inProvinciaArdmachana,
692 1528 808 1572 Diaeceses
817 1531 893 1573 minus
902 1531 1038 1574 sufficientes

169 1603 196 1646 ad
212 1602 369 1646 sustentandos
385 1616 437 1645 suos
453 1602 564 1644 Praelatos
579 1605 710 1657 reputantur
726 1603 839 1645 communi
855 1602 938 1646 calculo
954 1605 1037 1646 Drum-

169 1675 298 1727 morensis·
314 1674 453 1729 Rapctensis,
479 1672 635 1729 Ardag'liaden
666 1671 774 1715 Oluanen.
824 1673 930 1729 Reliquae
965 1679 1039 1718 autem

169 1745 286 1788 Diaeceses
302 1744 509 1799 accommodatiores
525 1744 552 1786 ob
568 1742 710 1785 latitudinem
726 1747 748 1785 et
764 1744 933 1800 amplitudinem
949 1745 1039 1789 distric-

168 1823 233 1860 tuum
244 1822 266 1860 et
277 1817 335 1873 quod
345 1817 396 1859 inde
407 1816 550 1872 consequitur
565 1815 592 1858 ob
608 1816 779 1858 numeriosiores
795 1817 889 1873 populos
902 1831 1040 1875 quorumque

168 1891 286 1943 utrumque
302 1888 393 1929 caeteris
409 1886 537 1929 Provinciae
559 1886 666 1942 praefatae
683 1886 827 1930 Diaecesibus
844 1892 878 1931 est
894 1893 932 1931 aut
948 1890 1038 1946 aequale

168 1963 206 2002 aut
223 1960 247 2001 in
266 1973 291 2001 eo
312 1958 423 2000 modicum
445 1972 492 2000 sese
513 1958 622 2000 excedunt
640 1962 662 1999 et
682 1958 851 2001 sustentationis
868 1959 924 2001 illud
941 1960 1036 2017 aliquale

168 2044 232 2085 supra
256 2030 394 2071 insinuatum
422 2028 569 2083 suppeditant.
616 2028 644 2069 10
665 2028 857 2071 administratione
877 2044 927 2073 vero
949 2035 1038 2086 propter

167 2102 353 2144 co-extensicnem
365 2105 386 2142 et
400 2100 537 2142 vicinitatem
548 2100 706 2141 territoriorum
716 2101 832 2156 praecipue
842 2102 985 2146 convenirent
994 2103 1036 2146 sub

167 2172 233 2215 unius
248 2171 354 2227 regimine
371 2170 482 2213 Diaecesis
499 2170 607 2212 Midensis
624 2173 646 2211 00
663 2169 810 2223 610000001ος
838 2171 997 2216 Killmorensis
1014 2179 1036 2218 et

166 2243 312 2299 Ardaghaden
321 2258 326 2294 ;
343 2242 497 2292 Ardmaclrana
513 2245 535 2283 et
552 2241 690 2298 Oiogheren3
709 2242 816 2286 Der-ensis
833 2247 855 2286 et
875 2244 990 2301 Rapcten3
1013 2261 1037 2290 ac

166 2315 280 2358 Dunensis
298 2313 391 2369 denique
410 2316 432 2355 et
451 2312 599 2355 Gonnorensis
615 2311 748 2368 jamdudum
760 2315 863 2371 canonice
885 2316 1000 2359 unitarum
1016 2322 1038 2360 et

167 2386 354 2430 Drummorensis.
396 2383 470 2442 Atque
485 2399 536 2427 cum
556 2383 593 2427 bis
613 2384 782 2440 acquiescimus,
799 2384 848 2427 Dl).
867 2385 913 2429 VV.
929 2386 1038 2431 Eminen-

167 2458 312 2509 tissimarum,
322 2456 400 2514 quibus
409 2456 471 2499 Deus
481 2459 524 2512 opt.
533 2470 588 2498 max.
598 2456 671 2498 omnia
683 2461 804 2513 prosperet,
815 2457 894 2500 affectu
902 2462 924 2501 00
932 2458 1037 2515 obsequio

169 2541 234 2580 servi,

212 2630 247 2673 Ex
257 2629 304 2673 loco
317 2629 398 2686 Synodi
408 2627 557 2679 Provincialis‚
569 2626 610 2670 hac
623 2628 659 2673 17³
669 2628 705 2692 die
717 2628 779 2682 111011,
792 2629 858 2673 1631.

407 2732 483 2783 Hucc,
495 2731 625 2787 Arclriepus.
635 2731 780 2782 Armacanus,
792 2732 840 2775 Tot.
852 2730 904 2773 Hib.
916 2731 1007 2773 Primos.

409 2804 511 2855 Tironis,
520 2802 637 2846 Midensis.

407 2875 507 2918 Joavnns
519 2874 633 2926 (1000000,
645 2874 716 2930 Epus.
727 2873 862 2931 Rapctensis,

408 2946 536 2997 Eucnrvrus,
548 2945 700 2989 Kilrnorensis.

409 3014 451 3056 Pa.
461 3015 634 3067 Boravnrvrunr,
647 3016 734 3058 Duuen-
747 3017 768 3056 et
780 3013 903 3057 Gonncren.
