2416 3337
166 140 209 181 106
450 154 595 186 1111111111
612 156 753 187 1111111111.

166 300 290 344 celebrante
306 302 442 359 apprehensa
451 308 500 356 est3
522 308 544 348 et
555 319 606 348 11111
617 304 693 348 eodem
704 304 874 348 sacerdotalibus
884 304 962 347 induto
976 318 1038 359 para-

167 374 258 425 mentis,
280 374 367 430 publiee
384 389 423 431 per
439 376 530 432 plateas,
548 377 575 419 ad
594 391 688 420 oareeres
706 376 817 432 perducta,
840 380 862 419 11
880 376 979 432 quamvis
996 375 1038 417 hoe

166 444 239 496 inodo,
246 445 319 501 plures
324 447 401 490 eeiioes
409 450 431 489 et
437 452 563 503 paramenta
570 448 793 504 perdidit-pecuniis
800 448 951 504 nobiliumque
958 446 1038 489 auxilio

167 530 178 558 e
190 518 290 560 custodie
300 518 389 573 publiea
400 519 570 561 dimisse-tum
582 534 626 561 non
638 520 713 561 omisit
722 520 764 561 alia
774 524 900 575 paramenta
916 533 1037 575 procurare,

168 588 306 643 singulisque
325 588 402 631 diebus
419 589 474 631 olam
490 603 576 631 eaerum
587 589 669 631 audire.
713 589 809 631 Tandem
821 590 868 644 ejus
879 589 947 640 filius,
959 590 985 630 de
996 601 1039 644 quo

168 659 269 713 superius
287 660 344 701 faeta
362 664 397 701 est
417 660 507 711 mentio,
529 662 616 713 praetor
635 658 680 700 sire
697 658 791 700 diritatis
808 659 942 713 gubernator
959 660 1038 709 faetus,

165 728 324 779 inhumaniter,
336 730 446 784 propriam
461 733 561 779 matrem,
579 729 697 777 infirmam,
710 728 771 770 senio
788 729 915 779 confectam,
929 728 1039 770 ambulare

165 812 210 840 non
221 799 336 849 valentem,
349 813 373 840 eo
386 798 443 854 quod
453 799 477 839 in
488 812 529 840 sua
540 801 615 840 sanet-a
625 797 792 848 consuetudine,
801 800 823 839 et
838 797 889 839 fidei
904 798 1039 852 professione

164 868 322 922 perseverabat,
335 883 346 910 e
358 868 422 910 domo
441 883 481 910 sua
499 868 584 910 extrahi
600 868 684 910 feritet
703 868 796 924 quodam
815 868 964 911 instrumento
977 868 1040 924 quasi

165 938 243 980 feretro
262 938 400 993 ignominose
419 938 446 980 ad
464 953 559 981 oareeres
585 953 623 994 per
640 937 801 981 haeretieorum
824 939 940 981 ministros
957 937 1039 993 portari

165 1010 248 1051 curavit
256 1008 308 1050 ubia
314 1009 423 1051 ministris
430 1009 529 1051 mulieris
538 1010 633 1059 animus,
640 1008 654 1050 J
655 1023 695 1051 esu
700 1008 784 1051 Christi
790 1009 833 1051 fide
840 1023 921 1064 speque
930 1010 1037 1059 munitus,

165 1080 241 1121 omnia
247 1080 356 1135 patienter
365 1080 491 1122 sufferebat.
519 1079 555 1122 Ad
562 1083 693 1129 extremum,
704 1080 794 1121 oaroeris
802 1079 918 1134 squallore,
928 1079 1039 1120 laboribus

165 1148 385 1205 infirmitatibusque,
412 1150 504 1205 aliisque
524 1149 669 1191 incommodis
689 1148 765 1190 affecta
786 1148 925 1190 Christianae
946 1152 968 1189 et
987 1161 1037 1189 rere

167 1218 293 1261 Catholicae
303 1219 403 1262 mulieris
418 1219 543 1273 relinquens
557 1218 682 1273 exemplum
693 1208 822 1259 obdormirit
833 1218 857 1258 in
867 1217 964 1259 Domino
981 1217 1037 1258 eirea

171 1290 334 1332 annum1584.

211 1359 320 1414 Margeria
327 1358 434 1401 Barneval
442 1359 501 1413 uirgo
510 1358 598 1407 nobilis,
609 1357 646 1399 sed
656 1358 737 1400 virtute
748 1357 848 1408 nobilior,
857 1372 869 1399 a
884 1358 967 1400 teneris
974 1357 1038 1399 annis

166 1442 228 1469 111111
249 1428 398 1483 iirginitateni
419 1427 465 1471 Deo
484 1427 598 1477 dedicarit,
619 1431 640 1469 et
656 1428 712 1469 eirea
733 1427 873 1484 trigesimum
891 1428 969 1470 aetatis
986 1442 1038 1470 suae

164 1512 248 1540 annum
266 1513 279 1539 e
297 1498 393 1553 quodam
409 1498 521 1540 Catholioo
538 1498 655 1554 Episcopo,
668 1498 715 1541 1110
723 1498 838 1541 benedicto
850 1499 971 1540 seeundum
982 1499 1038 1540 anti-

164 1582 231 1624 quam
239 1568 365 1623 Hyberniae
377 1568 560 1610 consuetudinem
574 1568 644 1609 velata
653 1568 696 1609 fuit
707 1571 728 1609 et
739 1568 796 1610 inter
810 1567 916 1609 honestas
925 1571 1038 1623 castasque

164 1640 268 1682 mulieres
279 1644 301 1681 et
316 1639 405 1681 denotas
416 1639 511 1694 virgines
522 1638 655 1681 versabatur.
687 1637 718 1679 At
732 1652 782 1680 1111
794 1652 829 1680 res
845 1638 898 1680 haee
913 1636 1038 1694 Arehiepis-

166 1723 220 1764 eopo
230 1708 373 1751 Dubliniensi
384 1723 397 1750 a
405 1709 499 1763 quodam
507 1708 641 1763 exploratore
650 1707 746 1750 defertur
756 1722 803 1750 eam
812 1708 946 1763 apprehendi
956 1709 1039 1750 curarit

166 1784 188 1821 et
205 1779 232 1821 ad
243 1794 338 1821 carceres
354 1779 450 1835 perduoi.
493 1779 578 1821 Deinde
594 1782 643 1833 post
662 1778 745 1833 aliquot
763 1779 808 1820 dies
823 1792 895 1820 eoram
915 1792 938 1820 se
949 1779 1038 1834 suisque

166 1849 282 1891 haeretieis
293 1849 403 1891 ministris
410 1849 545 1904 praesentari
551 1849 620 1891 uoluit
627 1861 717 1903 eamque
724 1849 880 1903 interrogarit:
895 1850 909 1867 “
919 1848 988 1904 Cujus
997 1863 1020 1891 es
1028 1851 1038 1891 :³

167 1920 231 1972 Quod
241 1919 282 1961 tibi
293 1933 373 1961 nornen
384 1921 394 1961 ἱ)
419 1919 460 1969 Qui
470 1922 572 1974 parentes
580 1920 605 1961 ?''
621 1919 653 1960 Et
661 1919 689 1961 ad
695 1918 748 1961 haee
757 1919 876 1974 categoriae
884 1919 1036 1974 respondebat.

166 1992 229 2033 Tune
241 1990 363 2046 subjungit,
377 1990 392 2009 “
400 2003 450 2044 ergo
462 2003 484 2031 es
495 1989 576 2032 nobilis
585 1987 606 2041 3³¹
623 1990 692 2031 111111
707 1990 752 2031 illa.
784 1990 870 2031 Iterum
880 1991 1036 2046 interrogavit:

166 2060 536 2112 Η(1111111111111111111111ῖ)”
560 2060 684 2116 Respondit
695 2061 731 2102 33.
760 2060 774 2080 “
784 2060 850 2116 Virgo
862 2074 889 2102 en
900 2065 970 2116 nupta
980 2076 1004 2103 es
1012 2060 1036 2102 ‘2⁵‘

164 2133 178 2151 “
190 2131 277 2188 Virgo,'’
290 2132 328 2173 ait.
357 2131 419 2172 Tune
428 2129 599 2185 blasphemando
609 2134 629 2172 et
633 2130 736 2185 jurando,
746 2130 783 2181 ait,
792 2130 929 2186 impossibile
938 2133 970 2173 est
979 2130 1038 2186 quod

162 2202 244 2244 femina
250 2201 338 2252 nobilis,
348 2201 438 2244 robusta
446 2205 467 2244 et
475 2201 577 2252 formosa,
591 2201 774 2244 3311111111
784 2201 852 2258 virgo.
875 2201 918 2244 Oui
924 2202 962 2244 illa
969 2202 1037 2244 miror

162 2275 226 2312 tuam
235 2272 407 2313 dominationem
413 2271 555 2327 jurejurando
562 2271 606 2313 tale
613 2272 665 2327 quid
674 2270 787 2313 affirmare.
815 2271 874 2314 Nam
882 2272 984 2313 homines
992 2286 1037 2314 non

163 2344 258 2395 possunt
268 2341 414 2396 impossibilia
422 2341 497 2383 faeere.
524 2340 555 2383 At
566 2356 606 2396 ego
614 2343 696 2384 femina
704 2356 755 2384 oum
766 2343 808 2384 sim
818 2343 911 2384 minoris
917 2343 1035 2396 potentiae,

163 2424 234 2466 usque
247 2410 312 2452 hodie
326 2411 474 2466 virginitatem
489 2424 575 2465 semper
589 2413 678 2464 servavi,
694 2426 785 2466 eamque
799 2412 847 2454 Deo
862 2412 966 2463 dedicati,
979 2414 1037 2468 quod

164 2482 184 2523 si
190 2480 327 2536 impossibile
335 2481 421 2531 fuisset,
431 2481 499 2522 faeere
506 2495 551 2523 non
558 2484 688 2537 potuissem.
713 2483 758 2525 His
766 2486 788 2524 et
796 2482 907 2525 similibus
915 2483 1036 2526 rationibus

163 2553 235 2594 rietus
246 2555 359 2606 uteunque
371 2551 553 2607 superintendens
564 2553 591 2594 de
602 2554 707 2608 religione
718 2553 771 2608 quid
782 2552 898 2605 sentiebat,
911 2568 959 2595 eam
969 2554 1035 2597 inter-

161 2623 258 2678 rogarit:
281 2622 514 2677 religionem—inquit
534 2622 624 2664 illa-et
644 2622 711 2665 fidem
733 2622 868 2664 Catholieam
889 2636 956 2678 quern
976 2627 1036 2666 tenet

163 2693 243 2736 Saneta
253 2693 326 2735 Mater
341 2692 442 2735 Euolesia
459 2691 571 2734 Catholioa
586 2692 693 2743 Romana,
705 2692 768 2734 eredo
779 2696 800 2735 et
815 2693 910 2735 fideliter
925 2694 1033 2749 profiteor,

161 2769 183 2807 et
193 2765 217 2806 in
224 2764 272 2820 ipsa
280 2763 412 2806 morituram
422 2775 457 2804 rne
467 2775 529 2817 spero
539 2776 544 2812 ;
555 2766 605 2803 turn
614 2762 796 2817 superintendens
804 2762 836 2804 ira
845 2766 866 2804 et
877 2763 949 2805 furore
957 2763 1035 2818 plenus

160 2837 237 2879 videns
245 2836 304 2891 quod
311 2834 372 2877 nullo
380 2837 418 2876 aut
425 2832 530 2875 tormenti
536 2836 605 2883 metu,
614 2835 651 2874 arri
658 2832 749 2875 11111111
757 2832 872 2875 acerbitate
880 2833 914 2875 vel
921 2834 1034 2877 verborum
1068 2856 1069 2859 ¹

161 2905 248 2949 levitate
259 2921 271 2948 a
281 2905 394 2962 proposito
406 2903 510 2946 deterreri
520 2905 596 2958 posset
607 2903 634 2945 ad
646 2916 753 2945 carcerem
764 2903 838 2958 reduei
853 2917 901 2946 etun
909 2905 984 2960 jussit,
997 2906 1035 2948 ubi

162 2974 188 3017 de
206 2967 260 3019 novo
279 2978 327 3032 ejus
349 2975 473 3019 constantia
494 2973 573 3017 multis
602 2973 673 3016 modis
701 2973 827 3018 tentabatur
848 2975 886 3019 sed
914 2976 1034 3020 immobilis
