2416 3337
448 161 593 192 serumserum
608 161 750 191 OSSORIENSE.

563 363 649 407 XGIH.

182 459 278 501 Larasa
289 471 317 500 or
328 470 373 500 ran
384 457 533 500 Ancnursrror
548 470 575 500 or
593 458 658 500 Turn
670 470 715 500 aar>
727 471 772 500 rna
789 457 876 500 Brsrror
888 469 914 498 or
925 455 1024 506 Earum,

464 531 510 573 9rH
521 529 657 582 Daoarrnaa,
671 529 738 573 1639.

165 612 227 654 Eun.
245 610 306 654 Dan.
344 606 346 609 ’

149 724 151 727 ,
210 682 253 724 Pro
264 696 356 725 munere
366 685 443 725 nostro
450 682 595 739 promovendi
604 684 628 725 in
640 682 699 726 Dno.
709 696 827 725 commune
837 680 922 724 bonum
928 679 1041 722 Ecclesiae

165 751 233 808 hujus
244 752 337 795 afflictae
351 753 435 808 patriae
451 757 472 795 et
488 754 611 809 provinciae
627 755 666 798 ubi
682 755 757 796 omnia
769 757 823 797 sunt
834 753 875 796 sub
887 750 985 795 funiculo
997 749 1040 791 dis-

165 824 294 866 tributionis
311 828 334 866 et
352 824 437 866 incolae
456 825 554 880 antiquis
573 827 663 869 sedibus
679 830 701 868 et
717 824 896 882 possessionibus
916 822 1038 880 pelluntur,

165 894 193 935 ad
203 893 333 935 instantiam
349 895 371 934 et
390 893 489 935 ardentia
507 894 615 937 desideria
634 895 748 938 Nobilium
767 900 789 938 et
807 894 884 950 populi
899 892 1039 936 Aclradeusis

166 967 254 1006 nostrae
260 962 384 1018 provinciae
390 962 504 1015 Oonaciae
512 966 641 1020 soepissime
649 967 778 1021 scripsimus
786 966 864 1008 aboctc
873 966 957 1006 circiter
965 963 1038 1013 annis,

165 1034 231 1089 idque
244 1032 340 1088 singulis
351 1034 397 1074 fere
407 1033 471 1075 annis
492 1032 519 1075 ad
538 1037 634 1076 vestram
651 1035 740 1076 Ernam.
759 1036 878 1077 Damnem.
891 1038 999 1089 quatenus
1015 1033 1040 1074 in

165 1104 248 1160 Epam.
260 1103 321 1146 illius
332 1103 447 1146 Diaecesis
458 1103 597 1147 Achadensis
605 1106 652 1161 jam
664 1106 709 1147 fere
726 1105 753 1147 ab
769 1104 833 1146 initio
850 1103 976 1146 schismatis
988 1103 1040 1144 Pas·

164 1176 218 1218 toris
238 1175 316 1217 solatio
334 1175 454 1218 destitutae
472 1176 647 1231 promovendum
665 1179 758 1226 curaret,
778 1177 798 1218 si
817 1189 869 1217 suae
890 1174 1007 1217 Sanctitati
1019 1178 1041 1215 et

164 1246 227 1288 Vrae.
237 1245 381 1287 Eminentiae
390 1245 492 1300 placeret,
502 1246 597 1289 Revnm.
609 1248 670 1289 aona
676 1247 772 1298 Patrem,
783 1247 808 1288 P.
817 1246 955 1289 Ludoricum
964 1245 1041 1287 Dillon

166 1316 243 1358 O.S.F.
257 1315 325 1358 striot
337 1315 421 1358 observ.
434 1317 471 1372 qui
481 1317 543 1358 varia
558 1317 605 1372 jam
623 1317 700 1358 munia
717 1318 741 1358 in
761 1331 801 1359 suc
821 1317 897 1358 ordine
908 1330 958 1359 cum
974 1315 1040 1358 laude

165 1385 247 1429 obierat
266 1389 288 1427 et
299 1386 399 1441 proxima
417 1386 546 1440 cognatione
565 1386 599 1429 vel
616 1386 722 1429 affinitate
741 1387 833 1442 attingit
843 1387 977 1441 *uniuersam
993 1386 1039 1427 fere

166 1456 306 1500 nobilitatem
322 1456 447 1511 provinciae
464 1461 487 1498 et
505 1457 571 1499 istius
590 1458 686 1499 maxime
704 1450 818 1500 Diaecesis
836 1469 893 1510 quae
904 1457 1000 1498 maxima
1011 1470 1039 1497 ex

165 1531 227 1584 parte
237 1525 364 1581 possidetur
373 1539 386 1566 a
398 1526 444 1568 suis
455 1526 567 1577 fratribus,
580 1527 699 1583 nepotibus
718 1531 740 1569 et
757 1527 864 1583 proximis
881 1527 987 1583 cognatis,
1004 1528 1039 1570 vei

165 1596 276 1648 affinibus,
288 1597 327 1652 qui
338 1609 415 1639 omnes
428 1597 485 1639 nihil
495 1597 578 1639 habent
588 1598 689 1653 proprius
701 1602 740 1639 aut
756 1598 867 1652 antiquius
880 1599 927 1654 ejus
938 1612 1038 1654 assump-

165 1669 227 1711 tione
238 1670 263 1709 ut
274 1666 433 1722 praemittitur.
465 1667 500 1709 De
511 1666 579 1723 hujus
587 1668 686 1724 religiosi
694 1667 767 1710 Patris
776 1668 863 1710 meritis
876 1672 898 1710 et
910 1668 1041 1711 sufficientia

165 1739 285 1795 quotannis
296 1739 349 1790 iere,
361 1737 457 1794 plurima
467 1739 598 1781 testimonia
609 1739 671 1782 omni
682 1740 811 1795 exceptione
822 1740 907 1794 majora
924 1754 974 1782 cum
985 1741 1042 1797 votis

165 1811 217 1853 cleri
228 1814 250 1852 et
263 1810 342 1865 populi
360 1810 536 1862 transmisimus,
555 1811 594 1853 sed
611 1810 682 1853 adhuc
702 1811 750 1853 sine
769 1810 831 1853 omni
848 1811 934 1853 effectu.
968 1812 1041 1863 Quare

165 1881 292 1924 humillime
303 1884 325 1923 et
341 1880 402 1923 omni
419 1881 488 1923 animi
504 1881 639 1924 demissione
658 1882 810 1938 supplicamus
826 1886 848 1924 et
858 1882 930 1925 adhuc
941 1883 1040 1938 petimus

165 1956 274 2008 quatenus
291 1966 330 2006 pro
349 1965 390 1994 sua
409 1951 517 2006 singulari
532 1952 650 2007 prudentia
667 1967 795 2008 promovere
813 1952 865 1994 velit
883 1952 967 1995 dictum
983 1953 1048 1996 Pseu·

164 2023 253 2065 Patrem
263 2022 292 2065 ad
303 2022 406 2065 solatium
418 2021 533 2072 bonorum,
543 2023 580 2064 (lto.

581 2105 721 2155 ramirans,
739 2105 849 2160 Archpus.
861 2105 1002 2149 Tuamensis,

581 2174 690 2227 Bonrrus,
702 2174 849 2231 Elplrinensis
860 2175 933 2232 Epus.

169 2278 172 2282 ¹
210 2258 295 2300 Datum
311 2257 408 2308 (latriae,
422 2258 444 2299 9ο
454 2255 559 2299 Decemb.
573 2256 640 2299 1639.

557 2564 638 2607 Xorv.

201 2661 299 2703 Larrna
309 2648 336 2703 ou
347 2672 394 2702 rua
404 2658 552 2703 Aacnarsrron
563 2670 590 2700 or
603 2657 703 2711 ursana,
716 2658 777 2701 aeas
788 2659 918 2713 anauaar,
932 2658 997 2701 1640.

163 2764 222 2806 Rara.
238 2777 269 2806 ar
286 2765 455 2808 Gonnuurssrnn
466 2765 528 2808 Dua.

200 2835 303 2883 Memini
319 2837 343 2879 in
360 2836 505 2892 responsione
523 2835 550 2877 ad
566 2836 651 2880 litteras
668 2839 753 2880 vestras
770 2849 835 2891 super
850 2834 987 2890 promotione
1005 2834 1036 2878 Ι),

162 2903 268 2945 Richardi
280 2906 372 2949 Conaldi
389 2907 416 2949 ad
432 2907 538 2963 Epatum.
555 2906 723 2949 Ardiertensem
739 2910 761 2948 et
778 2904 882 2947 Achaden
899 2918 934 2946 me
951 2904 1038 2960 aliquid

163 2973 278 3029 scripsisse
288 2974 315 3016 de
325 2967 424 3031 spectata
434 2978 474 3019 viri
484 2977 601 3033 probitate,
614 2977 684 3032 deque
696 2977 743 3031 ejus
760 2974 880 3017 idoneitate
892 2974 919 3017 ad
927 2975 1037 3031 Epatum.

163 3044 226 3088 illum
238 3058 304 3101 quem
315 3059 328 3088 a
338 3046 416 3088 multis
433 3051 490 3088 retro
506 3047 571 3088 annis
589 3046 631 3088 sub
647 3046 736 3087 nomine
752 3044 834 3087 Vicarii
845 3044 969 3102 Apostolici
986 3046 1037 3089 dili-
