2416 3337
455 178 599 208 smomncmm
616 177 757 209 OSSORIENSE.

425 323 598 365 Oorrrrnrrnrnnr
611 322 775 364 Pnrnsunmus.

219 405 238 444 1.
256 403 286 444 Ut
298 398 463 456 quamprimum
473 399 497 440 in
508 398 627 440 concilium
637 396 748 439 nationale
762 399 832 441 coacti
843 400 899 440 serio
911 399 1009 454 cogitent
1019 400 1046 442 de

173 471 286 514 commissi
293 470 336 513 sibi
342 469 416 525 gregis
425 468 530 511 dominici
538 467 617 520 salute,
627 471 649 510 et
658 471 783 524 susceptam
793 468 949 524 aprimoribus
958 482 1047 512 causam

173 541 286 583 Ecclesiae
296 539 452 595 promovendo.
532 536 535 539 ’

218 613 239 654 2.
257 612 288 654 Ut
299 612 404 654 unionem
421 614 443 653 et
458 610 595 653 concordiam
610 610 682 653 modis
701 611 804 653 omnibus
819 611 907 654 foveant
917 611 976 653 inter
986 625 1047 667 mag-

172 679 283 733 necesses
290 682 325 724 vel
335 682 469 724 familiarum
480 695 568 724 vaecors
576 681 694 724 aemulatio
703 680 737 724 vel
745 681 908 737 provinciarum
915 680 942 723 de
950 682 1046 736 primatu

172 755 283 798 contentio
294 754 328 797 rel
339 768 442 810 praeceps
455 754 607 810 Dynastarum
618 752 742 809 imperandi
752 752 855 795 ambities
866 753 1001 809 populorum
1009 755 1046 795 aut

172 824 253 868 ducum
265 825 338 868 studia
349 824 481 867 distrahant.

217 898 236 938 3.
253 895 284 937 Ut
296 894 448 937 Saecularibus
462 893 527 937 Dnis.
547 895 585 950 qui
600 894 714 938 Ecclesiae
735 895 781 937 suis
794 894 884 951 juribus
899 898 921 937 et
932 893 1044 951 splendori

171 964 320 1008 restituendae
335 964 447 1020 proposito
459 968 481 1005 et
492 964 537 1006 nelo
548 966 649 1007 fortunas
665 968 687 1006 et
700 966 757 1008 vitas
769 979 820 1008 suas
837 970 958 1022 exponunt,
971 966 1043 1008 clerus

171 1037 262 1090 uterque
273 1047 357 1076 morem
368 1037 429 1089 gerat
440 1036 462 1076 et
473 1037 561 1089 gratum
572 1048 620 1076 sese
635 1034 741 1076 exhibeat.

216 1105 238 1146 4.
256 1105 287 1147 Ut
305 1103 430 1146 abstineant
446 1117 523 1145 omnes
538 1103 566 1146 ab
582 1104 738 1160 intempestiva
749 1109 771 1146 et
786 1117 889 1159 praecoce
900 1103 1043 1146 Ecclesiasti-

170 1189 246 1219 ccrum
263 1175 379 1226 bonorum,
391 1175 515 1226 titulorum,
527 1178 682 1230 proventuum,
695 1175 809 1217 fructuum
823 1177 845 1217 et
853 1174 878 1217 id
889 1188 960 1229 genus
971 1174 1043 1230 inqui-

171 1246 251 1289 sitione
261 1249 283 1288 et
292 1246 424 1301 repetitione
432 1249 497 1301 atque
508 1245 575 1287 etiarn
587 1245 647 1301 gravi
658 1258 750 1287 censura
761 1244 882 1287 mulctetur
889 1245 927 1300 qui
934 1244 969 1288 vel
979 1245 1043 1287 verbo

171 1330 238 1359 ausus
249 1316 314 1358 luerit
325 1315 416 1371 deipsis
428 1304 542 1358 disserere.

216 1389 237 1430 5.
254 1387 285 1430 Ut
295 1401 374 1429 nervos
385 1401 462 1429 omnes
473 1386 590 1429 intendant
601 1401 700 1442 proceres
711 1388 734 1428 in
745 1401 816 1429 unum
824 1399 899 1429 secum
909 1387 1043 1429 convocandi

170 1458 231 1500 velut
245 1457 415 1513 parliamentum
426 1472 471 1499 una
482 1471 532 1500 curn
543 1458 658 1500 nobilitate
668 1462 691 1499 et
699 1457 769 1513 plebe,
781 1461 830 1500 tum
841 1471 868 1499 er
879 1457 975 1513 singulis
984 1458 1041 1500 crdi-

172 1527 239 1570 nibus
254 1526 384 1582 peritissimi
398 1530 420 1568 et
435 1526 604 1582 prudentissimi
621 1528 742 1584 seligantur
757 1527 841 1583 aliquot
855 1527 894 1583 qui
907 1528 935 1571 ad
949 1528 1042 1571 modum

171 1601 242 1641 status
253 1597 388 1640 considentis
398 1590 445 1639 rem
456 1597 581 1640 uniuersam
591 1602 722 1654 temperent.

217 1668 238 1710 6.
256 1668 287 1710 Ut
302 1666 443 1722 magnatibus
464 1666 568 1709 authores
589 1667 635 1709 sint
653 1667 779 1710 abstinendi
795 1668 876 1710 ducatu
894 1672 916 1710 et
934 1669 1041 1724 regimine

172 1738 315 1790 exercituum,
324 1737 480 1781 laudatissimo
490 1740 512 1780 et
519 1737 643 1780 necessario
650 1738 679 1779 D.
691 1738 718 1780 de
729 1737 819 1793 Muscry
827 1741 850 1780 et
860 1738 970 1781 sociorum
981 1738 1042 1781 nobi·

168 1809 226 1851 lium
236 1808 343 1864 exemplo,
354 1808 474 1864 imperium
490 1807 588 1863 expertis
603 1807 697 1851 ducibus
714 1811 735 1850 et
754 1808 873 1864 capitaneis
891 1807 974 1864 quibus
988 1822 1042 1865 gens

170 1878 267 1920 abundat
276 1877 436 1933 permittendo.
1054 1884 1056 1887 ’

215 1951 237 1994 7.
255 1948 286 1991 Ut
302 1947 462 1990 haereticorum
480 1950 608 2004 quorumvis
625 1950 720 1992 manime
739 1949 890 1993 Hibernorum
907 1954 929 1992 et
945 1949 1042 1992 Catholi-

170 2032 245 2061 corum
255 2018 465 2074 procrastinantium
476 2032 514 2073 pre
525 2033 548 2060 re
559 2020 671 2061 communi
680 2033 728 2062 sese
735 2019 851 2062 ostendere
857 2020 975 2062 facultates
985 2021 1040 2063 serio

170 2089 326 2146 conquirantur
337 2091 359 2130 εὴ
370 2088 510 2144 publicentur
520 2089 544 2131 in
556 2103 664 2145 expensas
679 2089 738 2132 belli.
947 2083 949 2086 ’

214 2161 236 2202 8.
253 2160 285 2202 Ut
299 2158 357 2201 bona
372 2158 528 2201 Ecclesiastica
545 2159 634 2215 quaeris
652 2159 720 2201 etiam
735 2159 832 2202 decimae
843 2159 922 2201 cedant
937 2160 962 2201 in
973 2174 1040 2202 usum

170 2234 192 2273 et
203 2230 338 2286 stipendium
348 2230 445 2271 militum
456 2228 523 2271 donec
534 2243 629 2284 regnum
639 2230 706 2272 fuerit
717 2234 819 2286 pacatum
836 2233 857 2272 et
865 2231 917 2286 jura
927 2230 1041 2273 Ecclesiae

170 2302 291 2345 vindicata:
309 2314 403 2357 aequum
412 2313 464 2343 sane
470 2300 556 2342 ridetur
564 2300 689 2344 Ecclesiam
697 2301 906 2344 Ecclesiasticorum
915 2301 1042 2358 sumptibus

171 2372 288 2415 uindicare.
764 2421 766 2423 ,

216 2444 236 2487 9.
253 2443 284 2485 Ut
295 2440 420 2485 Catholicos
436 2442 544 2484 instanter
560 2440 678 2485 hortentur
696 2442 724 2485 de
741 2456 781 2486 suo
800 2443 897 2486 conferre
916 2444 935 2485 si
954 2443 1042 2499 quando

170 2527 227 2569 opus
237 2513 310 2555 fuerit.

216 2584 251 2626 10.
269 2583 299 2626 Ut
312 2584 363 2640 jura
379 2583 526 2639 omnicregia,
543 2582 651 2636 redditus,
667 2585 783 2641 vectigalia
799 2589 822 2628 et
837 2584 859 2627 id
876 2596 952 2643 genus
964 2584 1040 2627 sedulo

169 2654 301 2711 colligentur
311 2654 335 2696 in
345 2667 412 2696 usum
423 2653 565 2710 Reipublicae
576 2654 714 2698 conferenda.

216 2725 251 2767 11.
268 2724 300 2767 Ut
318 2724 471 2768 Ecclesiastici
492 2724 643 2781 cujuscunque
669 2724 753 2779 ordinis
774 2729 813 2767 aut
835 2723 921 2779 gradus,
942 2722 1040 2778 privatas

167 2795 318 2838 intermittant
339 2795 473 2848 simultates,
494 2809 565 2851 neque
591 2799 671 2851 putent
694 2796 791 2839 abituros
809 2796 899 2849 impune
918 2793 956 2849 qui
975 2807 1039 2836 secus

170 2864 270 2907 fecerint.

215 2933 250 2974 12.
268 2934 299 2976 Ut
311 2935 401 2978 solliciti
411 2939 502 2979 careant
512 2949 540 2979 ne
552 2936 675 2981 sacerdotes
684 2934 786 2980 nisibeni
794 2933 899 2984 nominis,
911 2934 1008 2990 exempli
1019 2939 1041 2978 et

168 3005 312 3056 litteraturae,
323 3008 405 3049 turmis
417 3007 535 3051 Catholicis
542 3008 654 3051 intersint.
