2416 3337
483 204 627 234 SPIOHAEGIUM
642 205 784 235 OSSORIENSE.

248 355 309 383 motus
322 354 350 384 est
361 362 454 393 nunquam
467 350 546 385 residere
557 351 618 394 potuit
631 354 662 386 aut
673 355 738 394 potest,
754 355 846 386 senectute
859 352 956 395 impeditus
967 355 987 384 et
1000 352 1071 394 speciali

247 406 306 440 edicto
315 407 369 449 Regio
378 408 410 440 sub
419 418 477 449 poena
483 407 562 441 criminis
569 409 627 441 laesae
633 409 732 451 Majestatis
740 409 829 442 exclusus
852 410 893 442 Ista
900 407 993 442 Provincia
999 407 1069 441 nullum

247 463 303 496 habet
314 463 423 506 Episcopum
436 463 568 505 suffraganeum
579 463 616 496 nisi
628 464 767 505 Elphinensem;
780 468 867 498 ettamen
879 465 900 497 de
912 464 956 498 Sede
967 463 1070 506 Apostolica

247 519 348 560 specialiter
356 520 466 553 benemerita
478 523 505 553 est
517 520 576 562 ample
584 520 670 553 effusione
682 520 775 563 sanguinis
783 531 815 562 pro
827 520 861 553 fide
871 519 966 560 Catholica,
975 519 1070 554 haereticis

247 576 370 617 resistendol’]

201 688 292 742 111111,
305 691 342 733 dac.

245 771 355 822 Quoniam
376 771 429 813 satis
448 769 559 826 explorate
576 774 716 826 perspectum
732 769 810 822 habeo,
823 773 905 826 quanto
923 770 996 813 studio
1013 785 1063 812 cum

201 840 240 881 SS.
252 840 281 882 D.
293 840 322 882 N.
333 839 406 882 Illme.
417 839 533 882 Oardinale
542 853 601 895 agas,
611 845 637 883 ut
643 841 752 884 universis
760 840 882 883 Hiberniae
891 840 1012 884 Provinciis
1020 840 1066 884 ido·

197 910 234 951 nci
241 910 355 965 praesules
362 910 526 966 praesidentum
536 910 639 966 equidem
645 925 690 954 111
695 911 778 963 dubito,
789 913 844 967 quin
854 912 885 954 eis
894 911 1066 954 subveniendum

196 981 341 1036 potissimum
349 981 435 1038 J'udices
446 995 502 1037 quae
518 981 652 1025 calamitosis
667 982 704 1025 his
719 982 857 1038 temporibus
873 983 939 1038 Epor.
956 981 1066 1038 adjutorio

197 1053 294 1094 maxime
304 1053 402 1108 indigere
412 1052 535 1096 videantur.
573 1053 719 1104 Quamobrem
735 1054 799 1096 officii
815 1055 859 1096 mei
870 1068 918 1096 esse
933 1053 1064 1105 existimavi,

197 1126 223 1164 ut
242 1123 300 1174 Tibi,
321 1124 384 1166 Oard.
404 1123 500 1179 Amplm.
525 1123 679 1178 significarem,
692 1127 800 1179 quantum
824 1138 872 1166 mea
897 1124 997 1174 Conacia,
1021 1124 1065 1165 sive

198 1194 306 1237 Tuamen.
312 1194 511 1251 Prothpiscopcs
516 1194 630 1237 desideret.
646 1195 736 1236 Etenim
744 1194 798 1237 haec
807 1194 936 1250 quamvisex
943 1192 1065 1235 Provinciis

196 1263 319 1307 Hiberniae
325 1265 434 1316 maximis,
440 1279 464 1306 ac
472 1264 579 1307 latissime
585 1265 712 1319 patentibus
720 1264 756 1315 sit,
764 1265 788 1305 in
797 1278 822 1305 ea
830 1268 903 1306 tamen
910 1277 969 1306 unus
976 1267 1063 1306 tantum

196 1334 546 1390 suffraganeusElphinen.Epus.
552 1334 776 1390 estquiEpiscopatui
784 1348 825 1376 suo
832 1334 902 1376 millia
908 1334 1063 1390 passuumfere

194 1406 306 1461 octoginta
313 1405 385 1461 longo,
391 1409 413 1447 et
419 1406 512 1461 triginta
519 1405 612 1456 11111111
619 1409 691 1461 potest
700 1419 762 1448 curae
772 1406 826 1447 satis
834 1405 969 1461 impendere,
976 1405 1058 1447 nedum

191 1477 245 1520 aliar
249 1491 285 1519 um
289 1477 414 1519 dioecesum
420 1476 481 1519 illius
489 1476 550 1519 Prov.
558 1477 738 1533 occupationibus
746 1478 847 1519 animum
854 1476 974 1519 intendere.
985 1476 1060 1531 Auget

191 1551 213 1590 et
223 1549 292 1605 hujus
303 1550 366 1592 Prov.
378 1548 543 1591 incommodum
558 1562 607 1589 mea
621 1548 727 1597 absentia,
737 1549 776 1604 qui
786 1552 837 1604 post
853 1549 985 1590 acerrimum
996 1552 1060 1602 atqua

191 1624 310 1662 cruentum
320 1618 377 1661 illud
386 1618 493 1660 ultimum
503 1617 586 1660 bellurn
598 1618 625 1660 ab
633 1618 738 1661 Hibernis
750 1618 774 1660 in
785 1617 871 1673 Anglos
879 1633 917 1674 pro
926 1618 990 1660 Gath.
1002 1616 1060 1659 Reli·

192 1691 265 1747 gionis
282 1690 383 1733 libertate
405 1692 501 1747 gestum
518 1688 597 1744 Anglis
615 1692 637 1731 et
652 1689 748 1731 maxime
766 1688 888 1731 Hiberniae
904 1689 994 1731 concilio
1011 1702 1059 1731 sum

192 1775 325 1818 magnopere
335 1761 429 1812 invisus,
441 1759 498 1816 quod
509 1759 566 1815 apud
576 1764 690 1816 magnates
701 1759 772 1815 Regni
786 1759 856 1802 nostri
868 1759 950 1802 bellum
960 1763 1013 1801 tunc
1024 1774 1059 1815 ge-

191 1837 267 1875 rentes
283 1832 354 1888 gratia
367 1830 480 1882 valuerim,
500 1829 528 1872 ad
546 1843 602 1885 eosq.
620 1830 728 1873 Catholici
738 1829 807 1885 Regis
824 1829 927 1872 mandata
943 1829 1059 1886 aliquoties

191 1903 315 1946 detulerim.
345 1900 491 1953 Quamobrem
502 1903 611 1942 nostrates
623 1900 729 1943 Catholici
739 1914 815 1942 meum
825 1899 992 1942 inHiberniam
1002 1899 1058 1942 redi-

189 1978 238 2017 tum
257 1974 299 2016 sibi
314 1972 462 2029 periculosum
478 1972 525 2014 sore
536 1971 676 2023 arbitrantur,
696 1986 724 2014 nc
741 1970 810 2027 Angli
830 1971 941 2014 nobilibus
960 1975 982 2014 et
1000 1971 1056 2024 aliis,

187 2045 291 2101 aquibus
303 2044 419 2099 exciperer,
432 2043 525 2085 exitium
540 2042 649 2094 afferrent,
661 2056 717 2097 quos
728 2047 913 2099 persequerentur
923 2046 948 2085 ut
959 2043 1056 2086 fautores

183 2120 250 2172 atque
266 2118 399 2172 protectores
410 2128 455 2156 non
475 2113 547 2156 solum
559 2113 594 2156 sui
605 2113 716 2170 quondam
726 2113 807 2164 hostie,
820 2114 858 2157 sed
870 2113 936 2156 etiam
946 2113 1052 2164 hominis,

185 2187 346 2229 haereticorum
358 2185 462 2241 opinione
474 2198 533 2226 nunc
543 2184 614 2226 multa
625 2188 702 2227 contra
712 2198 748 2227 eos
758 2184 880 2236 molientis,
892 2188 915 2227 11
921 2184 948 2227 ad
955 2199 980 2227 ea
991 2184 1055 2227 Goth.

186 2258 302 2313 Principes
309 2256 456 2306 sollicitantis,
467 2254 494 2297 ob
505 2254 563 2311 quod
571 2255 594 2296 in
602 2255 1057 2311 111111111111111111111111111111111161

187 2328 359 2370 Provincialibus
367 2327 423 2368 meis
434 2341 497 2382 opem
508 2326 568 2368 ferre.
586 2326 671 2377 Quibus
683 2326 754 2368 causis
766 2326 870 2382 orebrisq.
886 2326 1055 2369 Provincialium

187 2413 288 2442 meorum
298 2397 491 2453 efflagitationibus
502 2400 576 2440 motus
588 2395 669 2452 (lllme.
679 2397 753 2449 (lard.)
764 2397 831 2439 etiam
840 2402 906 2452 atque
915 2396 983 2438 etiam
991 2395 1055 2438 rehe-

186 2473 273 2512 menter
283 2482 344 2522 rogo,
365 2471 390 2508 ut
407 2481 419 2508 a
437 2466 476 2508 SS.
497 2467 525 2508 D.
542 2466 571 2509 N.
590 2467 708 2523 impetrare
725 2467 830 2522 digneris,
848 2481 891 2521 quo
908 2466 1054 2508 Clonfertensi

185 2538 277 2595 Epatui.
295 2536 393 2593 ejusdem
410 2536 473 2578 Prov.
486 2536 592 2579 Tuamen.
609 2541 744 2593 proponatur
754 2536 783 2578 D.
796 2536 828 2579 Io.
841 2535 876 2578 De
886 2536 961 2591 Burgo
971 2536 995 2577 11
1006 2536 1053 2580 ead.

161 2625 162 2628 ’
187 2610 283 2654 dioecesi
293 2612 367 2659 natus,
377 2622 403 2649 ex
410 2607 479 2649 nobili
489 2607 571 2649 familia
581 2609 688 2651 comitum
699 2607 868 2659 Olanricardiae,
878 2606 1002 2663 (theologus
1010 2608 1052 2650 D⁰¹·

186 2680 356 2730 Salamanticen,
369 2678 401 2721 vir
411 2677 528 2734 prudentia
535 2692 558 2720 ac
569 2679 618 2721 aliis
626 2678 745 2721 virtutibus
752 2678 875 2734 praeditus,
887 2682 951 2734 atque
963 2692 1052 2722 consan-

183 2755 293 2811 guinitate
304 2752 437 2808 conjunctus
454 2763 504 2791 cum
524 2750 602 2791 multis
618 2749 729 2792 nobilibus
743 2750 781 2804 qui
800 2749 833 2791 illi
849 2752 875 2792 ut
892 2748 965 2805 Epali.
983 2750 1051 2793 officio

181 2826 245 2882 fungi
256 2824 361 2881 quietius,
373 2821 493 2878 pacatiusq.
506 2820 572 2861 etiam
582 2820 623 2861 hoc
638 2823 734 2875 tempore
745 2820 902 2875 persecutionis
918 2821 995 2876 possit,
1006 2836 1050 2866 111

179 2896 223 2939 levi
229 2894 338 2952 praesidio
347 2895 417 2936 erunt.
434 2891 454 2933 E
457 2905 484 2946 go
491 2889 555 2932 illum
563 2889 634 2932 solum
644 2890 671 2932 ad
680 2889 736 2932 hanc
744 2890 866 2933 Ecclesiam
874 2891 1008 2944 commendo,
1016 2893 1049 2949 qd.

180 2966 347 3010 sciamaliorum
355 2963 545 3009 commendatione
554 2961 609 3023 alios
615 2975 659 3004 non
666 2962 755 3018 majoris
764 2963 844 3015 meriti,
852 2963 970 3020 minusque
978 2964 1048 3015 Olera,

181 3042 202 3078 61
213 3037 323 3080 nobilibus
334 3036 393 3079 illius
405 3035 481 3079 Dioce.
493 3038 575 3090 gratos,
589 3047 637 3077 esse
647 3034 807 3090 proponendos.
845 3034 877 3077 Ac
887 3038 912 3077 111
922 3048 966 3078 111
984 3034 1048 3078 verbo
