2416 3337
211 185 254 226 264
487 178 629 227 s'rrcmncrun
645 197 788 228 ossoamnsr.

208 342 233 384 in
250 357 295 385 una
304 344 414 399 provincia
424 357 473 386 cum
484 344 593 400 legatione
604 359 707 401 expressa
717 345 820 388 mittatur
831 348 853 387 et
864 343 971 386 deferatur
982 342 1009 385 ad
1019 357 1070 385 oon-

208 415 259 458 oiiia
270 416 361 459 aliarum
372 416 532 472 provinciarum
543 418 587 461 nisi
597 417 738 460 subitaneum
749 422 771 460 et
787 431 869 473 urgens
881 416 909 459 sit
924 415 1036 472 negotium
1048 418 1070 456 61

210 486 237 528 ad
246 487 300 531 alias
310 488 401 530 minime
411 488 534 543 provincias
545 491 635 545 spectet.
781 474 783 478 v
1054 541 1056 545 y

255 559 345 615 Legatio
357 574 383 601 ex
394 574 438 601 una
452 560 563 615 provincia
579 559 605 602 ad
619 563 705 602 exteras
719 560 820 601 nationes
835 563 948 601 censeatur
962 560 1017 601 facta
1032 572 1070 614 pro

208 629 300 685 reliquis
311 630 435 684 provinciis,
447 633 468 672 et
479 630 584 685 quidquid
594 629 645 670 inde
654 629 739 670 fructus
748 631 786 669 aut
795 628 937 670 emolumenti
947 628 1071 683 provenerit

207 698 351 741 distribuatur
366 700 424 740 inter
440 699 547 750 civitates,
561 698 684 753 provincias
701 701 723 738 et
741 699 814 752 partes
832 697 957 752 indigentes
974 698 1070 739 maxime

206 770 226 812 si
236 769 362 825 hujusmodi
376 770 460 811 fructus
472 772 510 811 aut
521 769 601 811 auxilia
611 768 739 810 devenerint
748 783 775 810 en
787 768 919 811 liberalitate
930 772 1069 810 externorum

204 841 333 895 principum,
349 843 455 891 statuum,
469 840 623 896 praelatorum,
639 839 759 882 aliorumve
774 853 960 896 quorumcunque,
971 838 1069 881 adhibita

204 912 305 954 cautione
315 911 355 953 hac
365 915 389 953 ut
401 915 504 967 sumptus
516 915 537 953 et
548 911 626 953 damna
637 925 687 953 cunr
697 912 837 967 proportione
848 914 1021 966 compensentur.

235 981 259 1023 Si
270 997 296 1024 ex
306 982 423 1038 provinciis
434 981 506 1038 aliqua
521 983 596 1025 minus
612 981 725 1025 commode
741 987 779 1025 aut
796 982 856 1024 nullo
867 982 932 1024 modo
943 981 969 1024 ad
983 985 1068 1024 exteras

203 1052 304 1095 nationes
311 1066 322 1094 a
329 1066 352 1095 se
359 1053 454 1109 aliquem
460 1052 533 1109 legare
539 1052 608 1108 possit
615 1056 677 1095 curet
684 1051 725 1095 hoc
732 1052 836 1094 intimare
844 1056 865 1094 61
874 1052 996 1107 significare
1005 1052 1068 1095 alteri

201 1123 323 1178 provinciae
332 1138 386 1179 quae
392 1122 416 1165 id
426 1127 536 1179 praestare
546 1123 616 1179 possit
627 1127 649 1165 et
660 1122 737 1165 debeat
747 1123 831 1165 ratione
843 1122 930 1165 unionis
943 1127 964 1164 et
974 1123 1067 1166 foederis

199 1193 266 1247 juxta
276 1194 429 1236 instructiones
446 1193 472 1235 ab
483 1192 551 1235 altera
561 1193 671 1248 provincia
686 1193 766 1235 missas
778 1192 849 1247 quoad
864 1192 911 1233 loca
922 1196 943 1233 et
953 1192 1066 1248 Principes

203 1263 231 1305 ad
242 1278 296 1319 quos
307 1263 378 1319 legare
388 1263 460 1305 vellet.

246 1335 274 1376 In
286 1334 379 1389 singulis
397 1333 514 1389 provinciis
530 1333 672 1376 conficiantur
690 1332 785 1376 fideliter
801 1334 953 1375 commentarii
964 1336 985 1376 et
1001 1337 1065 1376 notae

198 1405 357 1456 incendiorum,
374 1402 550 1456 homicidiorum,
563 1408 671 1446 eteorum
689 1405 789 1447 omnium
806 1419 868 1460 quae,
880 1405 1003 1456 crudeliter,
1015 1420 1063 1461 per-

199 1475 250 1527 fide,
262 1475 418 1526 inhumaniter,
429 1475 539 1531 impieque
551 1475 684 1517 aPuritanis
695 1473 796 1517 hostibus
806 1475 973 1518 committuntur
983 1479 1005 1517 et
1015 1491 1064 1532 per-

198 1549 319 1602 petrantur,
331 1549 406 1587 notata
417 1545 524 1596 die‚.locc,
537 1539 608 1596 causa,
620 1545 692 1598 modo,
704 1545 812 1601 personis,
829 1546 962 1602 caeterisque
972 1546 1064 1587 circum-

155 1628 159 1635 ·
199 1616 289 1659 stantiis
300 1619 321 1658 et
332 1615 465 1658 authoritate
474 1615 563 1671 publica
573 1615 655 1658 addita.

245 1688 279 1729 Sit
293 1688 317 1730 in
328 1687 422 1743 singulis
433 1687 535 1729 Baroniis
550 1686 677 1728 tabellarius
692 1686 794 1741 pedester
804 1687 874 1730 fidelis
885 1690 907 1729 et
922 1688 1008 1743 juratus
1026 1702 1064 1743 per

197 1773 264 1814 quem
275 1758 382 1813 ejusmodi
391 1757 509 1802 crudeliter
525 1761 586 1813 gesta
596 1760 618 1798 61
634 1758 676 1799 alia
686 1758 844 1800 committenda
854 1759 993 1801 vicinioribus
1009 1759 1062 1801 locis

198 1830 281 1885 scripta
288 1829 450 1884 significentur:
463 1828 545 1871 similia
554 1828 579 1870 ab
588 1843 632 1870 uua
640 1829 750 1884 provincia
757 1830 780 1871 in
790 1829 854 1870 aliam
861 1830 887 1871 de
897 1830 941 1872 illis
950 1830 1062 1873 commode

198 1899 306 1942 scribatur
316 1898 342 1941 ad
353 1898 523 1941 consolationem
540 1899 680 1941 directionem
692 1903 713 1940 61
723 1899 832 1941 cautelam
842 1900 925 1955 populi.

241 1970 347 2012 Personae
363 1983 455 2024 magnae
470 1969 494 2010 in
511 1983 555 2010 una
570 1969 684 2011 Provincia
700 1972 781 2024 captae,
793 1982 833 2010 nec
850 1983 919 2025 prece,
931 1984 970 2012 neo
981 1972 1059 2026 pretio,

197 2054 236 2082 nec
253 2039 335 2082 cambio
351 2038 431 2081 liberae
446 2038 567 2081 mittendae
584 2042 635 2082 sunt
653 2039 697 2081 nisi
718 2039 744 2081 de
760 2053 868 2082 consensu
889 2045 1017 2096 magnatum
1038 2048 1060 2086 et

193 2110 340 2167 praelatorum
346 2109 438 2152 aliarum
446 2109 606 2165 provinciarum
614 2113 636 2151 et
646 2109 727 2166 pariter
738 2110 873 2166 captivorum
885 2124 911 2152 611
921 2125 965 2153 una
971 2113 1058 2168 provin-

192 2183 226 2224 cia
236 2181 332 2224 libertati
347 2195 386 2224 seu
402 2180 548 2237 redemptioni
563 2181 691 2237 invigiletur
706 2185 728 2223 61
744 2181 888 2237 prospiciatur
904 2197 931 2224 ex
955 2184 1058 2228 omnibus

192 2254 310 2308 provinciis
321 2252 391 2308 quoad
402 2252 449 2293 fieri
464 2252 551 2308 poterit.

239 2324 263 2365 Si
274 2324 312 2379 qui
322 2323 511 2379 deprehendantur
522 2328 660 2367 contumaces
672 2328 709 2366 aut
719 2322 835 2380 periculosi
850 2325 874 2368 in
885 2340 929 2368 una
938 2327 1056 2382 provincia,

194 2394 301 2437 comitatu
316 2394 349 2436 vel
368 2395 453 2450 oppido,
471 2397 589 2438 mittantur
605 2395 632 2438 ad
650 2396 785 2452 provinciam
799 2396 864 2439 aliam
877 2397 911 2439 vel
929 2398 1056 2440 comitatum

192 2464 261 2507 alium
272 2465 295 2505 in
304 2477 344 2519 quo
351 2465 436 2519 possint
446 2467 516 2508 tutius
528 2466 631 2509 custodiri
640 2470 662 2509 et
674 2467 721 2510 sine
729 2467 822 2510 aliorum
829 2467 926 2522 periculo
933 2467 967 2509 vel
974 2466 1054 2524 damno

193 2548 284 2578 versari.

239 2605 368 2660 Quicunque
389 2604 412 2646 in
429 2618 471 2647 uno
488 2607 591 2649 comitatu
602 2607 636 2648 vel
656 2607 767 2662 provincia
785 2605 906 2648 declaratur
927 2620 1003 2649 causae
1020 2610 1054 2651 vel

190 2677 273 2734 patriae
280 2676 383 2732 proditor,
396 2678 419 2717 61
430 2675 564 2719 adversarius
572 2681 686 2720 censeatur
695 2682 716 2719 et
726 2678 831 2733 puniatur
839 2691 877 2732 pro
885 2677 924 2718 tali
934 2677 957 2719 in
965 2678 1054 2735 reliquis

190 2747 329 2790 comitatibus
341 2750 362 2789 61
377 2745 496 2803 provinciis
508 2745 637 2802 ubicumque
647 2748 714 2789 luerit
729 2745 879 2802 deprehensus
891 2750 912 2788 et
927 2748 1021 2792 fautores
1032 2755 1054 2793 et

190 2821 311 2873 receptores
326 2818 396 2873 ipsius
407 2817 488 2859 notorii
507 2820 601 2868 excerta
619 2817 710 2859 scientia
728 2817 808 2859 iisdem
818 2817 894 2872 poenis
910 2818 1051 2872 mulctentur,

188 2889 269 2946 quibus
280 2890 326 2945 ipse
336 2890 434 2945 proditor
444 2888 478 2932 vel
489 2887 624 2930 adversarius
635 2888 739 2929 mulctari
750 2888 814 2931 debet
825 2891 846 2930 et
859 2889 932 2945 plecti.

232 2960 364 3002 blandamus
375 2964 397 3002 61
408 2959 546 3003 decernimus
562 2962 587 3001 ut
597 2957 660 3000 nulla
670 2958 781 3014 provincia
790 2960 884 3004 maxime
899 2961 1012 3017 pertinens
1023 2963 1051 3006 ad

187 3031 299 3084 unionem,
311 3031 384 3075 nullus
398 3032 522 3083 comitatus,
538 3030 614 3073 civitas
630 3034 668 3072 aut
683 3030 794 3087 oppidum,
811 3035 831 3074 et
846 3037 870 3075 ut
885 3033 945 3076 nulla
958 3049 1051 3091 persona
