2416 3337
195 170 223 212 64
477 180 622 213 seiornncrun
638 181 780 212 ossonmnsu.

192 329 247 371 tlms
264 330 276 372 I
292 344 343 386 may
359 330 474 387 discharge
484 344 522 385 my
533 331 659 374 conscience
670 330 695 371 of
707 329 745 372 tte
757 333 817 386 great
828 329 909 386 neight
921 331 933 372 I
944 329 997 372 harre
1011 328 1067 370 from

192 400 231 442 the
244 400 340 453 (lhurcll,
352 401 396 443 and
407 401 517 458 apologise
527 405 549 443 to
560 416 598 457 my
608 401 711 444 brethren
728 402 760 444 for
775 416 813 457 my
828 401 897 457 delay‚
909 401 938 458 loy
953 399 1067 455 testifying⁴

193 485 231 527 my
243 473 379 528 uillingness
390 477 413 515 to
425 473 460 514 die
470 474 503 515 sor
513 471 552 514 tho
563 471 662 515 Catholic
673 471 736 523 saith,
749 472 791 516 and
801 473 834 514 for
846 472 884 514 the
900 472 979 527 liberty
991 472 1015 514 oi
1028 484 1065 525 my

196 546 296 597 country,
310 556 332 585 as
348 543 416 584 much
432 556 456 584 as
472 542 525 585 each
541 543 565 583 of
580 541 643 584 them
659 542 718 585 does.
750 542 789 597 llly
800 542 924 598 remaining
934 543 985 584 here
996 540 1067 584 would

193 612 246 666 only
264 627 324 655 serve
341 616 365 654 to
384 613 481 655 increase
499 611 537 654 the
555 625 661 667 expenses
679 613 703 654 of
720 626 774 667 your
794 611 896 666 Majesty,
915 612 1007 654 without
1025 624 1067 665 any

193 680 276 725 benefit
287 687 309 725 to
320 683 402 737 myseli
411 698 435 725 or
444 697 483 736 my
493 686 592 736 country.

301 764 316 785 “
323 765 369 807 The
381 764 471 808 humble
482 767 568 807 serrant
580 762 621 805 and
632 763 733 819 chaplain
744 763 768 805 of
775 778 830 818 your
841 765 944 820 llay'esty,

689 845 703 865 “
712 844 843 888 Menenius
860 846 1026 888 Onssnnnunsrs

762 914 989 972 “Archiepisoopus.''

207 1097 356 1150 §3.-Lctter
367 1097 394 1152 of
407 1098 516 1141 Gordiani
531 1097 618 1139 Alcioto
630 1104 650 1139 to
662 1097 697 1140 tlte
708 1097 846 1152 Arcbbisboyr
863 1098 889 1153 of
901 1097 987 1149 Coclrel,
998 1097 1051 1140 rritlr

350 1168 386 1210 tlte
397 1168 458 1223 reyly
469 1168 495 1222 of
502 1168 536 1210 rte
546 1167 691 1221 slrolrbisltoyr,
704 1168 757 1210 29111
767 1168 828 1220 Joty,
842 1169 908 1212 1570.

237 1289 289 1333 Rae.
299 1292 322 1333 in
332 1292 420 1335 Christo
432 1293 503 1334 111111,
521 1291 578 1334 (lum
590 1306 615 1334 en
626 1286 697 1333 literis
706 1292 860 1347 amplitudinis
869 1295 920 1336 tuae
929 1292 979 1335 Kal.
989 1293 1065 1335 Martii

192 1359 269 1402 adme
287 1362 374 1417 scriptis
391 1362 436 1404 gno.
447 1362 502 1404 Du,
514 1362 640 1404 retulissem
655 1361 806 1405 Hibernorum
821 1363 959 1406 nobilitatem
972 1363 1065 1406 consilia

192 1429 270 1472 inissie
279 1431 306 1473 de
318 1445 340 1474 se
351 1433 408 1487 Regi
419 1431 535 1485 Catholicoy
544 1432 658 1482 dedendis,
671 1432 757 1487 tibique
768 1434 796 1476 ad
806 1433 871 1476 illum
888 1435 936 1489 opis
953 1433 1063 1476 sistendae

188 1498 254 1541 causo
272 1501 407 1557 jampridem
425 1502 499 1557 legato
517 1516 589 1557 nuper
607 1500 695 1543 dedisse
714 1502 817 1544 mandata
833 1502 860 1544 de
876 1501 1005 1557 spondendo
1020 1502 1064 1558 ipsi

188 1568 235 1624 regi
246 1583 322 1612 eorum
332 1571 424 1612 nomine
435 1571 561 1613 obedientia
576 1570 740 1627 pollioendique
752 1585 774 1614 se
785 1571 843 1627 quod
854 1572 987 1627 imperatum
997 1572 1064 1614 fuerit

188 1640 291 1682 facturos.
328 1642 424 1685 Miratus
440 1645 475 1683 est
491 1655 593 1684 summus
609 1641 713 1683 Pontifex
727 1640 810 1684 isthaec
827 1643 875 1684 sine
896 1643 1013 1685 autoritate
1029 1644 1063 1685 in-

188 1710 265 1751 novari
276 1712 315 1751 eut
321 1711 425 1752 attentari
433 1710 604 1765 quidem—oum
612 1710 675 1753 facile
685 1712 714 1752 sit
722 1711 829 1752 recordari
837 1711 958 1754 Hiberniae
968 1725 1062 1768 regnum

189 1779 218 1820 ad
238 1779 418 1823 Ecclesiastioam
444 1781 552 1824 ditionem
581 1781 640 1823 feudi
658 1781 749 1823 nomine
769 1781 879 1837 pertinere
900 1782 995 1838 ideoque
1017 1796 1062 1825 non

189 1861 254 1903 posse
266 1850 311 1891 nisi
325 1864 365 1905 per
375 1850 506 1893 Pontificem
524 1864 579 1893 novo
596 1850 688 1906 imperio
707 1850 784 1906 subjici
801 1851 840 1906 qui
857 1855 881 1893 ut
900 1852 1012 1894 Ecclesiae
1024 1853 1061 1907 jus

189 1920 377 1975 quemadmodum
395 1921 459 1963 debet
480 1924 575 1972 tueatur,
597 1921 685 1977 negavit
707 1935 730 1964 se
747 1923 793 1977 regi
810 1922 858 1976 ejus
877 1923 963 1977 generis
984 1922 1061 1965 literas

188 2003 244 2045 quas
254 1991 313 2046 petis
324 1992 467 2047 scripturum.
500 1991 613 2048 Verum-si
624 1992 672 2033 Rex
689 1991 737 2047 ipse
753 1991 813 2033 illius
830 1992 872 2034 sibi
891 1994 954 2048 regni
970 1994 1061 2037 feudum

186 2059 243 2101 tradi
253 2060 383 2115 postularet,
396 2064 421 2103 ut
431 2074 472 2116 ego
483 2060 572 2117 quidem
584 2061 675 2117 conjicio
686 2061 788 2103 Pontifex
798 2075 843 2104 non
856 2061 979 2118 denegabit.
1006 2062 1060 2105 Vale

186 2129 210 2171 111
222 2129 312 2174 Christo
323 2132 427 2175 Domino.
457 2131 526 2175 Roma
536 2145 595 2175 nono
607 2131 622 2173 J
623 2132 678 2183 unii,
689 2131 804 2174 MDLXX.

512 2211 674 2269 Amplitudinis
687 2214 737 2254 tuae

565 2293 567 2297 ’
609 2293 649 2336 Uti
659 2294 725 2336 frater
735 2295 909 2347 amentissimus,
942 2282 944 2284 l

791 2375 814 2416 F.
828 2376 896 2418 0111).
908 2376 1028 2421 Andricus.

234 2545 326 2588 Vestrae
352 2544 511 2587 dominationis
529 2544 598 2587 111ῙΠᾶθΙ
620 2545 704 2588 litteras
731 2545 803 2600 accepi
823 2545 919 2600 bladriti,
939 2548 990 2590 VII.
1010 2547 1057 2590 Gal.

185 2616 279 2671 August.
292 2615 362 2659 Roma
373 2628 432 2657 nono
448 2615 463 2656 J
464 2615 519 2657 unii.
554 2616 658 2666 Quamvis
669 2627 714 2656 non
724 2614 856 2658 mediocrem
870 2616 926 2659 milii
937 2617 1058 2660 attulerunt

184 2686 293 2736 laetitiam
310 2698 360 2727 oum
383 2679 471 2735 scribat,
489 2684 544 2726 Vb.
561 2684 597 2726 Ill.
608 2684 699 2727 fratrem
714 2683 750 2725 me
765 2683 851 2737 habere,
864 2699 955 2742 meaque
970 2687 1062 2741 negotia·

184 2771 229 2800 uon
244 2756 360 2813 praeteriri
377 2755 471 2798 silentio.
511 2755 594 2798 Tamen
610 2768 655 2798 non
672 2755 787 2797 minimam
802 2754 859 2797 milri
874 2757 996 2799 attulerunt
1007 2770 1057 2798 oon-

183 2813 294 2871 fusionem
305 2827 392 2870 litterae
402 2827 461 2878 illae,
474 2840 524 2869 cum
540 2840 566 2868 ex
583 2826 638 2882 ipsis
654 2825 755 2868 intellexi
765 2840 776 2868 1
788 2839 874 2869 summo
883 2827 996 2882 ¹,Pontiiioo
1011 2841 1056 2871 non

184 2899 297 2953 approbari
309 2898 428 2942 eonsilium
439 2897 496 2940 illud
507 2897 615 2940 nobilium
626 2897 747 2939 Hiberniae
759 2896 784 2940 de
797 2896 903 2941 tradendo
915 2898 989 2955 Regno
1001 2900 1056 2956 Regi

183 2966 295 3011 Gatholico
308 2983 332 3012 eo
342 2967 403 3022 quod
414 2967 441 3011 ad
452 2967 622 3011 eeclesiasticam
633 2966 740 3010 ditionem
756 2967 846 3010 nomine
857 2966 918 3011 feudi
928 2970 1055 3024 pertinet-
