2416 3337
188 198 231 240 156
470 214 614 245 srrornneimn
631 215 772 247 OSSORIENSE.

186 358 300 405 Henricus
311 362 423 406 Mellanus
435 362 561 421 Theologus
572 368 594 408 et
605 364 751 408 concionator
762 365 870 423 egregins,
882 366 920 422 qui
930 364 994 409 ambo
1006 370 1060 408 sunt

186 445 213 473 ex
225 433 308 477 Ordine
318 430 433 479 ltlinornm
444 436 470 479 de
478 437 621 480 Observantia
628 451 679 480 oum
686 437 771 481 duobus
779 438 814 480 vel
823 437 895 480 tribus
903 437 950 480 aliis
960 437 1058 492 ejusdem

186 504 294 557 instituti,
306 522 361 563 quos
373 508 421 551 sine
432 512 485 552 nota
500 510 556 552 forte
567 509 649 565 proprii
664 510 771 551 interesse
781 524 826 552 non
835 499 926 565 possum
937 509 1057 551 nominare.

185 574 285 620 Alterius
293 579 393 622 instituti
404 580 516 622 nerninem
527 580 614 623 invenio
623 580 647 621 in
657 580 748 622 Ultcnia
759 593 825 634 quem
836 581 949 623 nominare
960 594 1056 635 possem,

186 647 238 702 quia
248 652 335 704 praeter
352 649 442 693 Fratres
457 650 557 692 Minores
567 652 588 691 ct
606 653 701 705 quatuor
711 653 749 691 aut
760 651 857 705 quinque
874 650 963 691 Ordinis
975 651 1057 693 Cister-

134 728 135 731 ’
185 718 267 760 aiensis
283 719 356 760 nullos
371 718 438 761 habet
449 719 541 761 Ultcnia
557 718 687 773 Religiosos,
700 719 785 773 quossi
802 718 918 761 habuisset
929 723 950 761 et
961 720 1056 763 fuissent

185 787 259 829 idonei
270 802 306 830 eos
317 802 362 829 non
379 788 543 830 subticuissem.
576 787 717 843 Supplicatur
728 792 842 845 eapropter
852 803 919 845 qnam
929 790 1055 833 humillime

183 857 246 899 III¹¹¹⁵⁶⁴
257 872 282 899 ao
292 859 345 900 Pam·
356 858 385 900 D.
397 859 437 900 Vl&
447 860 471 900 in
482 873 525 914 qua
535 861 582 900 tota
593 872 643 913 spes
658 860 763 902 Ultoniae
774 864 807 903 est
823 860 934 912 collocata,
946 865 1056 917 quatenus

182 928 293 983 dignetur,
315 929 411 973 exclusis
440 922 607 986 quibuscunque
628 931 746 982 extraneIs,
773 932 868 989 aliquem
885 932 963 976 horum
990 948 1055 989 quern

182 999 286 1042 maluerit
296 999 323 1042 ad
333 999 457 1043 Ecclesiam
468 1000 610 1057 Metropolim
618 1000 764 1045 Armacanam
774 1004 897 1059 promoveri
912 1005 981 1067 facere
989 1004 1055 1061 idque

183 1070 288 1114 celeriter.
319 1070 362 1113 Pro
374 1084 417 1126 qua
427 1071 505 1128 gratia,
518 1072 556 1114 dac.

551 1430 679 1473 XXXVIII.

178 1556 269 1600 Noruur
287 1556 443 1598 Convnrruun
459 1555 515 1598 Ono.
533 1555 725 1598 Paannrcnroauu
736 1568 760 1598 ru
776 1555 893 1598 Humanis
903 1566 929 1597 rc
940 1554 1050 1598 Funrnun

519 1639 552 1668 rar
567 1627 716 1669 Dnenurrum.

181 1750 236 1790 [This
245 1761 300 1793 paper
306 1737 343 1784 vvas
352 1750 448 1791 presented
455 1752 474 1781 tc
480 1749 512 1782 the
521 1748 587 1782 Sacred
596 1749 727 1791 Congregation
734 1751 754 1781 in
762 1748 812 1782 1627.
836 1748 855 1780 It
862 1748 914 1781 bears
922 1759 945 1781 no
953 1749 1051 1788 narrabat
1084 1755 1090 1765 ⁴*

224 1817 259 1839 was
267 1806 353 1848 probably
362 1816 386 1837 an
394 1804 458 1838 official
464 1804 496 1837 list
506 1804 567 1837 drawn
575 1814 599 1845 up
607 1804 630 1845 by
638 1804 668 1836 the
676 1803 777 1836 Provincia}
785 1805 805 1837 of
811 1804 842 1837 the
851 1804 912 1837 Order.
935 1805 945 1837 I
957 1804 1002 1837 have
1012 1809 1050 1838 met

225 1863 301 1895 another
309 1863 362 1896 letter
370 1862 390 1894 of
397 1862 427 1894 the
440 1871 488 1894 same
495 1860 598 1894 Provincial
609 1864 619 1878 “
627 1860 649 1892 ad
657 1861 731 1893 fratrem
739 1861 846 1894 dlichaelem
854 1861 876 1894 de
891 1861 959 1903 Spiritu
968 1861 1051 1903 Sanaos*

224 1919 278 1952 dated
287 1920 332 1951 from
340 1918 422 1951 Louvian
430 1919 462 1951 the
470 1917 514 1950 rath
520 1918 567 1960 May,
577 1916 625 1957 1627,
633 1917 653 1949 in
660 1917 718 1950 which
726 1917 757 1950 the
765 1918 854 1959 lodoving
865 1927 939 1959 passage
953 1927 1016 1951 occurs
1022 1932 1050 1951 :-

224 1979 234 1993 “
241 1972 317 2014 Quidam
321 1974 423 2016 Religiosus
429 1985 451 2007 ex
457 1974 568 2007 nostratibus
575 1973 606 2015 qui
611 1983 634 2006 ex
638 1973 726 2006 Hibernia
731 1974 749 2006 in
756 1974 808 2008 hasce
814 1979 874 2017 partes
880 1985 937 2016 nuper
944 1984 963 2007 se
969 1975 1047 2008 contulit

223 2032 268 2064 mihi
273 2032 336 2064 retulit
344 2031 392 2073 quod
399 2017 419 2063 iu
427 2030 491 2073 oppido
498 2030 605 2071 deAthenry
611 2039 629 2062 se
635 2032 729 2071 praesente
735 2034 818 2071 apertum
823 2031 859 2063 fuit
865 2031 980 2072 sepulchrum
985 2030 1048 2073 inquo

218 2088 291 2129 jacebat
302 2097 366 2129 eorpus
374 2087 436 2120 fratris
446 2086 539 2119 Dominiei
546 2085 623 2119 notandi
631 2085 719 2127 praedicti
727 2085 794 2119 ordinis
802 2086 889 2129 Religicsi
897 2086 976 2129 illudque
985 2087 1047 2120 inven-

220 2148 259 2176 tum
268 2154 306 2177 esse
315 2146 406 2177 testantur
414 2154 454 2176 enm
463 2153 496 2176 suc
504 2143 568 2176 habitu
581 2141 633 2184 quasi
640 2141 716 2184 integro,
725 2146 778 2184 caput
792 2153 833 2176 cnm
845 2153 878 2175 sna
890 2153 946 2176 carno·
950 2143 1048 2186 integrum,

220 2200 299 2242 reliquae
307 2203 368 2243 partes
376 2210 397 2232 ac
405 2210 447 2233 ossa
454 2199 493 2233 sine
502 2210 561 2233 carne.
591 2199 685 2232 Caeterum
694 2199 709 2241 ej
713 2208 734 2231 us
743 2209 781 2232 ossn
794 2209 835 2232 eum
843 2209 896 2233 carne
904 2200 970 2239 relicta,
979 2200 1047 2233 suavis-

220 2258 265 2290 sime
274 2261 293 2290 et
297 2258 398 2298 fragrantcr
403 2257 514 2296 redolebant,
520 2256 560 2298 ejus
566 2266 637 2298 quoque
643 2255 767 2298 Scapularium
773 2266 793 2289 ac
799 2255 896 2289 Rosarium
901 2255 1047 2298 supercingulurn

219 2317 297 2354 posttot
308 2323 365 2346 annos
378 2314 442 2347 illaesa
454 2313 528 2346 omnino
540 2316 609 2356 reperta
622 2316 670 2346 sunt.
695 2312 774 2346 Tandem
787 2313 866 2356 populus
878 2313 922 2346 haee
934 2322 974 2347 ossa
986 2323 1047 2346 seeum

223 2378 264 2401 cum
272 2369 350 2401 maxima
357 2370 473 2402 veneratione
479 2368 584 2411 tulerunt.¹']

333 2467 432 2510 Uttocia.
779 2467 887 2523 Lapatia.

238 2539 366 2582 GOHVIHIUS
377 2539 489 2583 Berensis·
690 2561 817 2604 Conventus
828 2559 948 2603 Dublinen.

298 2607 459 2688 Oull'affllssfflsiss·
748 2631 866 2675 Nassensis
877 2645 916 2674 seu
927 2631 1021 2675 Decolle.

295 2681 370 2724 Novae
381 2680 458 2722 Villae.
749 2702 775 2744 de
785 2703 900 2758 Inseueyr,

296 2752 412 2797 Oal'lIDSlS.
750 2774 776 2816 de
786 2774 855 2829 Athy

294 2825 416 2867 POHlanae'
749 2846 904 2890 Inurimorseu
910 2845 1041 2893 Aroloensis.

337 2918 428 2963 Madau.
749 2917 775 2960 de
786 2918 885 2974 Aghabo.

234 2993 362 3037 Conventus
373 2992 400 3035 de
411 2990 570 3048 Mullinguear.
748 2987 906 3033 Xilkeniensis.

294 3063 319 3106 de
330 3062 428 3106 Attii-im.
552 3077 554 3079 ’
748 3059 872 3106 RossensIs.
