2416 3337
187 193 231 235 111
470 209 614 241 srromnoruu
630 209 773 242 ossemmvsn.

183 354 299 412 religionis
311 358 444 401 exercitium,
466 358 494 401 ln
502 373 543 416 quo
555 359 700 416 aggrediendo
707 363 729 402 et
740 359 822 403 tuendo
829 359 934 416 quamdiu
945 361 1052 415 poterant,

182 440 226 483 qua
237 428 323 471 interea
343 434 418 472 essent
434 430 549 473 devotione
563 432 588 473 10
600 445 681 474 novum
699 445 765 473 suum
780 430 864 487 Regem
879 430 956 486 repleti
970 429 1053 485 pariter

183 502 237 540 sunt
248 500 325 541 testati
341 500 531 544 abundantissime
548 501 695 557 Magistratus
706 502 729 543 in
741 502 787 544 foro
802 502 992 557 inaugurationem
1003 500 1051 556 ejus

182 582 327 625 magnacum
344 572 482 615 solemnitate
493 576 515 614 et
534 572 643 614 alacritate
661 572 807 627 publicando:
824 571 889 614 Cives
905 586 929 613 ae
939 571 1014 627 populi
1029 571 1052 612 in

182 641 269 696 oppidis
281 646 303 684 et
314 644 372 698 agris
390 644 474 698 passim
485 644 513 685 ob
523 643 623 684 eamdem
633 642 740 683 laetitiam
751 642 893 684 exultationis
910 643 972 697 signa
983 642 1052 697 plori-

181 724 219 752 ma
229 712 351 754 exhibendo
360 729 366 764 ;
385 713 512 755 Sacerdotes
521 712 636 767 proscenis
647 710 753 753 altaribus
764 715 786 752 et
796 712 819 752 in
831 711 911 753 divinis
920 711 996 753 officiis
1012 725 1051 766 pro

180 794 205 821 eo
217 781 315 836 publicas
327 785 348 823 et
358 782 512 824 devotissimas
522 780 634 823 fundendo
646 780 673 821 ad
689 780 762 822 Deum
772 793 862 835 preces:
880 780 1050 822 Concionatores

180 849 290 892 Catholici
300 865 312 892 e
323 855 427 907 suggesto
434 851 462 892 ad
472 851 538 892 fidem
547 851 595 906 ejus
604 854 625 892 et
636 849 783 892 obedientiam
790 849 930 892 exhortando.
947 850 1049 892 Alterum

179 921 306 975 exemplum
317 922 380 977 paulo
392 926 441 978 post
453 925 554 964 secutum
562 924 597 964 est
607 922 630 963 in
638 919 725 976 Anglia
748 921 794 972 Quo
803 936 854 963 cum
864 925 914 978 post
924 922 1049 977 ingressum

178 992 229 1033 novi
239 991 308 1047 Regis
325 992 466 1035 advenissent
477 1007 503 1035 ex
514 991 618 1035 omnibus
633 990 759 1033 civitatibus
774 994 795 1033 et
810 991 1000 1048 principalioribus
1011 1005 1048 1046 op-

178 1061 237 1116 pidis
244 1061 364 1105 Hiberniae
373 1064 497 1119 complures
503 1067 607 1116 oratores,
617 1061 731 1118 exquibus
740 1066 833 1118 quatuor
841 1063 953 1119 praecipui
959 1063 1048 1104 nomine

115 1124 117 1129 ¹
154 1123 156 1126 Α
178 1133 248 1175 totius
276 1133 355 1189 Regni,
375 1135 434 1177 inter
457 1135 505 1176 0110
528 1148 584 1191 quae
614 1133 670 1175 Suae
696 1132 809 1189 blajestati
837 1137 1007 1189 proposuerunt·
1024 1138 1046 1175 et

178 1203 238 1258 apud
266 1217 394 1259 supremum
415 1204 508 1260 Angliae
538 1203 661 1246 Concilium
689 1203 799 1258 prosecuti
826 1207 878 1245 sunt
905 1217 944 1258 pro
964 1204 1047 1258 patriae

178 1287 230 1316 suae
245 1264 406 1318 instauratione
422 1280 444 1318 et
456 1276 526 1317 salute
542 1275 596 1316 adeo
612 1277 738 1316 constanter
753 1276 845 1327 egerunt
862 1287 901 1328 pro
921 1272 1046 1316 Catholicae

176 1345 289 1401 religionis
308 1346 410 1388 exercitio
427 1346 495 1387 etiam
514 1345 602 1400 publico
617 1344 648 1385 ibi
659 1343 804 1394 concedende,
823 1346 846 1384 ut
864 1344 962 1399 quamvis
978 1344 1046 1387 iidem

175 1418 269 1469 quatuor
295 1418 390 1457 oratores
416 1429 443 1456 en
468 1413 572 1456 mandato
595 1413 686 1456 Coneilii
707 1414 773 1470 capiti,
793 1414 904 1456 custodiae
925 1415 1001 1457 traditi
1021 1416 1045 1458 in

173 1488 233 1526 turre
254 1484 393 1527 Londinensi
411 1485 485 1540 ibique
506 1485 591 1527 detenti
616 1498 685 1541 usque
702 1485 730 1526 ad
750 1485 817 1527 unius
834 1499 861 1527 ex
880 1485 925 1531 illis
941 1490 1041 1539 mortem,

171 1557 246 1597 tamen
277 1556 301 1598 in
331 1556 438 1611 petitione
469 1555 513 1598 ista
544 1569 630 1610 semper
663 1555 807 1611 perstiterunt
838 1569 951 1611 quousque
979 1557 1043 1599 verbo

171 1626 241 1682 Regio
261 1627 397 1682 promissum
425 1627 457 1669 eis
483 1627 526 1668 fuit
551 1627 664 1668 neminem
689 1627 712 1668 in
737 1626 845 1668 Hibernia
865 1641 903 1683 pro
930 1628 1042 1683 religionis

173 1710 240 1738 eausa
260 1696 424 1738 molestandum
445 1696 503 1751 quod
525 1700 547 1738 et
568 1696 596 1738 ab
616 1695 691 1738 eodem
713 1695 813 1738 Concilio
831 1696 924 1753 Angliae
946 1701 1041 1753 postmo-

174 1768 227 1809 dum
239 1768 391 1823 approbatum.
423 1767 489 1810 Unde
499 1768 588 1809 interim
600 1768 653 1810 satis
661 1767 727 1809 libere
735 1771 757 1810 et
764 1769 849 1810 notorie
860 1768 905 1811 illic
917 1769 1041 1812 Catholicae

172 1839 286 1896 religionis
297 1840 425 1882 exercitium
440 1839 531 1881 tametsi
547 1843 607 1882 extra
621 1840 729 1895 templum
746 1840 916 1895 siequentatum,
929 1855 1041 1898 quousque
1071 1889 1074 1893 r

172 1911 262 1952 tandem
273 1911 297 1953 in
309 1924 384 1952 mense
399 1910 461 1952 Juiio
476 1911 574 1966 proxime
591 1912 663 1966 elapso
680 1911 787 1953 currentis
803 1912 855 1953 anni
875 1912 934 1954 1604
950 1913 1041 1956 Praeses

170 1982 283 2025 Australis
295 1969 415 2025 Hiberniae
425 1982 558 2033 Provinciae,
571 1997 625 2038 quae
636 1981 750 2024 blomonia
760 1988 906 2038 nuncupatur,
924 1984 1040 2027 molestare
1104 2000 1106 2002 ’

169 2068 207 2096 eos
223 2058 258 2096 est
269 2067 393 2110 aggressus,
412 2054 512 2107 quaesita
527 2054 623 2108 primum
639 2054 750 2097 occasione
761 2067 788 2095 ex
803 2058 927 2096 recurrente
943 2059 996 2097 tunc
1014 2057 1037 2098 in

168 2125 224 2168 festo
246 2126 274 2168 D.
296 2126 380 2169 Jacobi,
393 2124 496 2180 Apostoli
522 2124 682 2167 anniversaria
697 2125 837 2167 solemnitate
861 2126 1034 2181 inaugurationis

169 2195 258 2251 Regiae.
291 2195 326 2238 Ad
337 2209 403 2252 quam
414 2194 566 2238 celebrandam
575 2208 624 2236 cum
635 2194 781 2251 Magistratus
792 2198 814 2236 et
824 2195 899 2250 populi
907 2196 931 2238 in
940 2197 1037 2252 ejusdem

167 2265 293 2308 Provinciae
304 2266 428 2308 civitatibus
439 2279 478 2320 pro
490 2265 569 2308 affectu
578 2279 617 2308 suo
625 2266 648 2307 in
659 2260 798 2321 praesentem
807 2265 889 2320 Regem
896 2266 1037 2311 devotissime
1058 2281 1059 2284 ’

167 2340 189 2378 01
200 2336 329 2378 fidelissime
340 2337 401 2379 omni
411 2350 454 2392 qua
464 2340 565 2391 poterant
580 2350 661 2392 pompa
676 2336 838 2379 concurrissent
848 2337 993 2380 nihilominus
1009 2339 1035 2381 ab

167 2406 245 2449 eodem
255 2406 357 2448 Praeside
369 2421 395 2448 ex
406 2421 430 2449 eo
442 2406 513 2449 solum
525 2408 596 2462 capite
606 2397 664 2464 quod
673 2421 723 2450 cum
731 2421 754 2449 se
761 2407 885 2450 Catholicos
893 2409 1036 2464 profiteantur

166 2477 252 2520 nollent
263 2481 338 2520 centra
349 2478 493 2519 conscientias
508 2492 559 2520 suas
570 2479 594 2519 in
605 2479 681 2522 officiis
695 2478 850 2521 ecclesiasticis
866 2493 916 2521 cum
934 2479 1034 2525 Sectariis

165 2549 334 2601 communicare,
346 2549 434 2591 tractati
450 2553 503 2591 sunt
518 2549 616 2605 indignis
631 2550 677 2592 illis
695 2550 767 2608 modis
786 2545 824 2604 qui
843 2549 995 2593 describuntur
1010 2554 1034 2596 in

164 2621 321 2664 informatione
331 2620 367 2662 liic
379 2619 489 2675 adjuncta,
505 2621 636 2663 transmissa
652 2635 679 2662 ex
694 2619 802 2662 Hibernia
822 2620 850 2661 25
869 2620 904 2662 die
923 2624 1033 2677 sequentis

163 2692 268 2749 Augusti.
301 2690 388 2733 Deinde
399 2691 458 2732 idem
469 2690 560 2733 Praeses
572 2691 664 2733 ulterius
674 2690 803 2746 progressus
815 2693 890 2733 contra
906 2692 1032 2747 religionem
1057 2731 1059 2734 .

164 2764 260 2806 edictum
272 2761 382 2819 quoddam
394 2773 460 2803 suum
469 2764 491 2802 et
498 2759 722 2803 Conciliilvlomoniae
729 2760 947 2815 contrapresbpteros
955 2776 1031 2806 omnes

162 2835 261 2890 ejusdem
272 2833 399 2876 Provinciae
410 2845 528 2887 eorumque
539 2836 660 2886 receptores
672 2835 698 2879 ‘et
714 2831 810 2874 fautores
829 2832 911 2874 curavit
926 2833 1030 2889 publicari

162 2907 189 2951 17
201 2905 236 2948 die
247 2905 346 2961 ejusdem
356 2904 441 2946 mensis
452 2902 549 2959 Augusti
566 2903 624 2958 quod
639 2906 661 2945 et
678 2903 795 2959 vigessimo
811 2906 862 2959 post
877 2904 912 2946 die
928 2910 1027 2962 coeptum

162 2978 195 3015 est
206 2975 306 3018 mandari
321 2974 445 3017 executioni
463 2974 526 3029 cujus
542 2973 609 3015 etiam
625 2973 751 3015 authentica
767 2975 828 3030 copia
843 2973 879 3017 hic
894 2976 1026 3034 adjungitur.

163 3044 218 3094 (litia
228 3059 277 3087 vero
288 3046 331 3089 ista
341 3045 416 3089 omnia
426 3043 583 3087 existimantur
594 3047 700 3087 attentata
712 3043 759 3087 sine
771 3044 858 3101 speciali
869 3046 914 3089 ullo
925 3039 1013 3091 mandat
