2416 3337
405 183 549 212 SPICHAEGIUM
565 183 707 214 OSSORIE-NSE.

540 350 580 392 XI.

122 467 217 507 Lnrruu
233 478 260 506 or
276 478 321 506 run
337 464 401 506 Eunu
421 477 449 506 on
466 464 578 506 Dnsuonu
594 478 621 506 rc
639 464 685 506 His
704 465 828 517 Honmnss
847 466 907 508 18rn
923 466 992 517 Jnrn,

184 534 250 585 1583,
272 547 316 577 aar>
337 546 351 577 l
372 534 437 576 Norn
462 546 489 576 or
511 533 625 576 Gdanmaa
646 533 743 577 Auorlrr
768 548 796 578 ro
822 548 869 578 run
896 535 994 579 Sraursu

182 603 279 647 Nunnio.

405 672 465 712 (Facu
473 681 509 705 run
518 673 599 706 turrem
607 674 714 715 Auenrvns.)

124 749 172 790 [The
181 751 225 783 Earl
233 752 252 784 of
261 750 353 784 Desmond
360 759 396 782 was
404 750 499 783 murdered
511 759 533 782 on
546 751 578 783 the
591 751 632 784 llth
646 752 666 784 of
675 752 781 792 November,
791 752 840 784 1583.
867 751 905 783 The
912 752 968 784 letter
976 753 997 784 of

166 805 251 838 Cardinal
262 805 333 844 Alctati,
344 804 402 837 uhich
414 804 431 837 is
442 805 504 856 added,
516 815 551 838 was
562 805 648 848 probably
657 807 728 840 written
738 807 760 849 by
767 806 820 839 order
827 806 848 839 of
858 805 893 839 Hie
905 805 992 839 Holiness

165 860 184 892 in
192 862 242 902 reply
249 864 268 893 ‘ao
276 863 307 893 the
315 862 368 893 letter
376 861 396 892 of
403 861 433 893 the
443 862 485 893 llari
492 862 512 893 of
518 862 627 903 Desmond,]

122 960 245 1004 Gauianus
260 961 394 1003 Dnsuonnn
407 961 485 1003 Ocnus
499 962 571 1004 Vana
583 956 631 1005 ’ΞΜ-
652 965 785 1007 Gauranis
801 964 853 1007 Dux
863 977 990 1007 nxnncrrus

181 1031 357 1073 Oaraomooauu
372 1043 397 1073 ru
412 1031 529 1073 Hmnmur
544 1045 573 1073 nr
591 1032 702 1076 Strenuus
715 1034 810 1085 Samnis,
823 1046 925 1075 seturna
936 1046 989 1075 ran-

180 1113 251 1143 crrun
266 1114 339 1150 arcun
355 1113 477 1143 mannaan
492 1114 644 1144 rnnrcrmrnu
660 1115 737 1145 cerer.

164 1217 219 1267 Quia
230 1217 285 1259 ratic
296 1216 395 1271 postulat
406 1221 431 1258 ut
442 1216 475 1258 illi
486 1217 524 1271 qui
533 1221 580 1259 toto
591 1217 637 1259 nelo
648 1218 772 1260 inserviunt
783 1220 848 1273 atque
859 1218 919 1259 omni
930 1217 988 1259 desi-

118 1285 177 1327 derio
189 1283 267 1328 sanet*
276 1287 338 1328 Viae.
348 1287 447 1341 praemia
456 1286 497 1328 sibi
507 1287 597 1342 suisque
609 1288 772 1331 successoribus
783 1287 988 1339 subministrentur,

117 1360 142 1398 ut
153 1356 190 1398 alii
200 1357 320 1398 incitentur
327 1360 353 1397 ut
364 1370 439 1397 eorum
448 1357 547 1411 exempla
555 1358 578 1398 in
589 1359 675 1400 serutie
688 1358 710 1399 S.
724 1357 761 1400 8²³³·
770 1359 895 1400 imitentur.
916 1358 989 1408 Quare

116 1440 167 1468 cum
177 1430 253 1468 noster
269 1426 419 1468 Consobrinus
430 1425 459 1467 D.
474 1426 570 1468 Jaecbus
587 1427 719 1469 Geraldinus
735 1431 810 1469 noster
833 1427 988 1482 praedecessor

119 1495 234 1539 Generalis
244 1496 272 1537 V.
285 1492 322 1536 SV*
340 1496 364 1536 in
375 1494 483 1536 Hibernia
494 1496 523 1536 sit
533 1496 661 1538 interiectus
673 1511 685 1538 a
696 1497 748 1539 filiis
760 1496 875 1538 Guillelmi
885 1497 947 1538 Burlr
964 1501 987 1538 et

50 1615 52 1619 y
116 1581 129 1608 a
145 1566 276 1622 quibusdam
294 1564 432 1606 Satellitibus
449 1564 549 1620 Capitani
565 1565 673 1608 bliebrien
689 1566 734 1608 Ara
751 1567 844 1622 dignum
857 1567 986 1609 censuimus

116 1641 202 1679 oratum
218 1636 246 1676 iri
256 1636 277 1677 S.
290 1632 336 1676 Sam.
346 1638 371 1676 ut
387 1634 491 1689 dignetur
507 1649 545 1690 per
563 1635 633 1677 Brere
649 1634 803 1690 Apostolicum
822 1649 898 1677 eorum
915 1640 986 1678 terras

115 1711 220 1763 perpetuo
232 1704 348 1747 concedere
360 1704 454 1747 Geraldo
465 1705 510 1747 lilio
520 1705 626 1760 praedicti
636 1706 664 1747 D.
676 1706 690 1747 J
692 1705 753 1748 acobi
765 1705 880 1747 Geraldini
895 1707 986 1761 ejusque

115 1778 254 1827 haeredibus,
266 1781 291 1818 ut
300 1776 486 1832 quemadmodum
493 1777 598 1832 praedicti
608 1777 721 1819 serviendo
730 1777 828 1832 Reginae
835 1776 929 1832 Angliae
937 1777 993 1819 neci.

114 1848 219 1890 tradendo
230 1847 259 1887 D.
271 1846 285 1888 J
286 1846 377 1889 acobum
387 1847 485 1902 praemia
495 1847 576 1902 opimia
586 1847 702 1902 recipiunt,
714 1847 746 1889 ita
757 1851 832 1889 nostra
843 1846 922 1889 domus
942 1847 986 1888 Ge-

114 1918 197 1961 raldina
208 1917 322 1959 decoretur
332 1931 345 1958 a
357 1917 371 1958 S
382 1918 434 1959 Vra.
446 1917 528 1959 nedum
538 1919 627 1972 propter
637 1917 752 1959 servitium
762 1916 786 1958 in
797 1917 923 1958 defensione
934 1916 986 1958 fidei

114 1993 136 2031 et
147 1986 184 2031 SV·
201 1988 264 2030 Vnae.
276 2001 342 2046 cauea
352 1992 428 2029 contra
438 1987 555 2029 nefandam
567 1992 632 2042 atque
640 1988 732 2042 impiam
743 1990 876 2042 potestatem
887 1987 985 2041 Reginae

114 2059 243 2102 maledictae
253 2058 353 2112 Angliae,
366 2059 429 2112 cujus
440 2058 472 2099 rei
483 2071 548 2099 causa
558 2058 630 2111 magis
641 2058 743 2112 cupimus
755 2057 873 2111 gloriosam
889 2062 983 2098 mortem

113 2130 184 2184 ipsam
204 2127 354 2181 impugnando
378 2141 445 2180 quam
461 2127 546 2180 legibus
565 2126 694 2167 maledictae
710 2125 808 2187 Reginae
824 2125 981 2179 obtemperare,

113 2198 272 2255 participesque
282 2196 330 2249 fieri
340 2196 387 2250 ejus
398 2195 558 2238 maledictionis
569 2200 591 2237 et
601 2195 694 2237 fulmine
704 2194 852 2236 anathematis
863 2195 982 2252 feririque

113 2270 161 2325 ipsa
172 2268 252 2322 aliique
264 2266 305 2308 sibi
316 2266 458 2307 adhaerentes
474 2265 578 2307 innodata
589 2264 668 2306 existit.

159 2339 256 2381 Litteras
272 2351 322 2378 vero
339 2350 404 2391 super
419 2336 540 2391 praedictas
559 2340 628 2378 terras
646 2337 764 2386 coniectas,
774 2336 806 2378 V.
824 2333 865 2378 ἕω
880 2337 983 2393 dignetur

113 2412 201 2453 mittere
216 2423 255 2464 per
270 2407 381 2450 Nuntium
391 2406 495 2462 Aplicum
515 2405 610 2461 Hispan.
630 2405 656 2447 ad
672 2410 775 2448 nostrum
795 2406 984 2448 Ambasciatorem

114 2480 241 2523 Cornelium
252 2479 334 2533 Epurn.
345 2478 444 2520 Lacnen.
456 2477 491 2519 cui
501 2477 603 2532 cupimus
614 2481 639 2519 ut
654 2477 681 2518 V.
700 2475 740 2518 ΒΜ
756 2478 821 2520 fidem
839 2478 862 2519 in
880 2477 983 2520 omnibus

113 2551 222 2599 adhibeat,
235 2563 330 2604 eumque
340 2549 421 2590 fretum
433 2549 561 2590 auctoritate
572 2547 652 2590 Nuntii
663 2562 714 2589 cum
726 2548 823 2590 subsidio
838 2549 946 2590 mittendo
955 2548 984 2589 ad

112 2635 153 2663 nos
164 2621 268 2675 dignetur
282 2619 377 2670 mittere,
395 2620 447 2674 quia
463 2618 510 2660 aliis
526 2617 623 2673 palmam
638 2618 750 2673 praeripit,
768 2618 848 2673 quibus
864 2618 905 2661 hcc
923 2621 983 2659 esset

113 2690 282 2734 concedendum.
313 2688 390 2731 Valeat
401 2703 425 2731 ao
436 2691 494 2731 uiuat
504 2689 555 2730 Vra.
568 2685 609 2729 Stal
623 2689 646 2730 in
657 2688 789 2731 Necstereos
801 2702 876 2731 annos.

158 2761 194 2802 Ex
205 2760 283 2802 castris
295 2758 459 2800 Catholicorum
469 2760 492 2800 in
503 2758 618 2812 Hybernia
629 2759 656 2800 18
667 2758 683 2800 J
684 2759 738 2800 unii.

159 2828 197 2871 SV&
210 2830 258 2871 Vm·
273 2829 352 2870 Servus
363 2828 528 2871 addictissimus
538 2832 604 2884 prout
615 2842 680 2884 opera
689 2829 738 2884 ipsa
754 2828 895 2885 comprobant
906 2831 982 2869 contra

113 2898 247 2942 adversarios
258 2898 377 2953 hostesque
387 2897 507 2941 Ecclesiae.

175 2968 210 3021 (ln
221 2981 300 3022 paupers
312 2968 335 3010 of
344 2967 420 3020 1583).
827 2966 948 3009 Dnsuern.

883 3048 896 3073 G
