2416 3337
184 218 240 264 234,
465 233 609 265 srrcmneruu
624 233 767 265 ossoarnnsn.

182 379 273 421 nomine
281 380 355 424 Patris
365 385 386 424 et
395 381 454 434 Filii,
466 382 512 436 dea,
522 383 652 440 saepissime
660 383 800 440 ingeminari.
823 383 886 428 Unde
893 384 1051 435 Protestantes,

184 450 223 506 qui
231 451 361 495 habitabant
369 452 530 507 molendinum,
542 454 600 510 quod
610 459 644 497 est
654 456 797 511 conjunctum
808 470 858 498 cum
869 454 979 507 coenobi0,
991 457 1053 498 tanto

184 523 290 567 miraculo
308 525 406 568 exterriti
424 526 529 582 fugerunt
543 525 568 568 'in
585 526 674 569 Urbem⁴
707 526 793 569 Caeteri
810 540 859 569 verc
873 526 984 579 haeretici,
995 527 1053 568 inter

183 608 238 650 quos
249 597 380 652 praecipuus
396 600 442 640 erat
460 598 527 639 frater
541 596 679 652 Pseudo-epi.
696 610 739 639 uno
756 610 793 639 ore
805 597 935 640 dictitabant
946 612 997 640 eum
1008 611 1052 640 non

184 668 297 708 mortuum
306 680 361 718 esse,
372 666 409 709 sed
417 680 467 708 rere
473 666 587 708 beatorum
594 666 698 707 felicitate
706 666 730 707 in
739 666 799 708 coelo
805 667 895 721 perfrui.
911 667 983 709 Multa
993 668 1052 710 enim

184 735 296 786 miracula,
316 735 420 791 multasq·
436 735 624 790 singularissimas
641 735 722 789 gratias
742 735 766 776 in
783 736 827 776 vita
844 749 882 777 sua
899 736 1024 789 impetravit
1039 751 1052 777 a

182 805 248 857 Dno„
261 804 286 859 de
297 805 378 860 quibus
389 804 499 856 omnibus,
511 818 566 860 quae
577 804 695 846 manifesta
712 807 771 856 sunt,
784 804 872 859 quando
882 804 978 861 placebit
993 805 1048 855 Deo,

182 876 287 919 memoria
298 876 343 918 fiet.

561 1159 672 1202 LXXXV.

129 1317 131 1321 ,
178 1274 274 1316 Lnrrna
289 1286 316 1316 or
332 1287 377 1316 rna
394 1274 540 1315 Aaonnrsaor
556 1286 582 1317 or
599 1273 664 1315 Turn
679 1285 723 1314 aun
739 1283 785 1312 raa
801 1270 888 1312 Brsnor
904 1283 931 1311 or
946 1270 1045 1323 Earum,

239 1345 300 1388 27ra
311 1342 385 1394 Sara,
398 1343 463 1397 1638,
475 1355 502 1384 ro
514 1356 559 1385 ran
571 1342 685 1385 0111111111
695 1341 830 1383 Pnornoroa
840 1352 867 1382 or
877 1339 987 1382 Ianuario,

176 1437 246 1488 Ena„

221 1506 300 1562 Ampia
315 1506 473 1562 posterioribus
489 1507 550 1550 hisce
565 1506 702 1563 temporibus
717 1506 824 1549 beneficia
840 1506 886 1549 aS.
899 1506 954 1550 Sede
964 1507 1013 1563 Ape·
1022 1508 1046 1550 in

174 1580 216 1622 hoe
226 1579 348 1622 Hiberniae
359 1593 453 1635 regnum
464 1579 550 1631 collata,
562 1579 638 1635 plures
654 1579 778 1634 Episcopos
789 1578 943 1634 promovendo,
955 1578 1047 1634 collegia

174 1649 295 1702 fundando,
303 1650 457 1693 missionarios
463 1650 596 1700 mandando,
605 1649 719 1705 privilegia
727 1648 799 1691 multa
807 1649 950 1705 indulgendo,
961 1649 1046 1705 aliaque

175 1720 238 1775 plura
248 1734 287 1776 pro
304 1720 442 1775 benignitate
459 1733 499 1762 sua
510 1719 642 1775 effigiendo,
654 1719 727 1761 omnia
742 1722 853 1762 nostrates
865 1718 913 1774 (neo
927 1717 1045 1773 immerito)

175 1790 253 1831 Emae.
261 1789 315 1831 RV.
323 1789 377 1841 nelo,
386 1789 557 1840 benevolentiae,
567 1788 648 1841 studio,
657 1803 680 1831 ac
692 1789 836 1832 sollicitudini
844 1793 932 1845 accepta
939 1789 1044 1841 referunt,

175 1859 240 1915 plura
251 1861 348 1914 sperant,
361 1862 383 1900 et
398 1859 481 1914 majora
492 1859 535 1901 sibi
549 1859 689 1914 promittunt.
722 1860 782 1910 Quae
798 1860 863 1914 hujus
874 1859 1046 1902 munificientiae

175 1928 317 1985 Apostolioae
327 1933 350 1971 et
365 1932 468 1984 paternae
481 1929 637 1972 sollicitudinis
648 1933 732 1972 vestrae
748 1944 797 1971 rore
808 1929 865 1984 apud
881 1930 936 1971 alios
951 1930 1044 1985 Episco-

174 2013 253 2055 porum
270 2012 335 2054 opera
346 2002 368 2040 et
384 1999 511 2041 assistentia
527 1999 610 2051 florere,
623 2000 726 2049 etvivere
742 2000 860 2051 cernimus,
872 1999 896 2041 in
912 2004 987 2043 nostra
1004 2000 1044 2042 hac

175 2069 1043 2125 ConaciaeProvinciaEpiscoporumpenuriaetdefectumaroesoeregemimus.

172 2141 232 2184 Huic
248 2140 334 2196 ingenti
350 2140 406 2183 malo
421 2155 461 2196 pro
474 2155 566 2184 munere
580 2146 656 2185 nostro
669 2141 768 2185 volentes
786 2141 879 2192 obviare,
895 2145 1043 2197 opportunum

169 2212 317 2269 judicavimus
327 2212 424 2255 Emtiae.
433 2212 498 2254 Vrae.
510 2213 609 2255 locorum
619 2213 775 2256 necessitatem
786 2226 900 2268 exponere,
912 2215 937 2254 ut
948 2213 1043 2268 amplius

172 2283 288 2339 pastoralis
305 2282 416 2326 absentiae
435 2282 551 2338 dispendia
568 2284 645 2339 populi
663 2283 740 2327 fideles
751 2298 796 2326 non
812 2284 945 2327 sustineant.
985 2283 1042 2335 Qua·

172 2359 261 2410 propter
278 2354 392 2396 humiliter
402 2369 506 2411 rogamus
521 2355 627 2397 Emtiam.
643 2354 674 2408 V„
687 2359 712 2397 ut
729 2355 834 2411 dignetur
847 2358 951 2410 paternae
963 2354 1042 2396 sollici-

172 2424 260 2466 tudinis
270 2423 297 2465 V.
309 2424 468 2479 providentiam
479 2425 527 2468 aliis
540 2426 605 2469 variis
615 2426 683 2482 hujus
694 2426 793 2469 nationis
804 2425 911 2468 Ecclesiis
922 2428 1041 2476 ostensam,

172 2494 345 2545 manifestatam,
367 2498 389 2536 et
408 2509 458 2537 oum
480 2496 589 2539 euidentia
608 2496 730 2553 probatam,
748 2497 772 2538 in
795 2495 837 2538 has
857 2508 917 2537 nras.
936 2494 1042 2536 Gonaoiae

170 2568 244 2622 partes
262 2565 385 2617 extendere,
402 2570 423 2608 et
434 2566 528 2609 Eccliae.
545 2566 691 2609 donadeum
708 2566 803 2609 Oonaoia
820 2566 874 2607 sitae
890 2565 917 2606 de
933 2564 1041 2620 condigno

170 2639 258 2692 pastore
269 2635 389 2691 providere.
417 2635 461 2686 Qui
471 2640 545 2678 autem
561 2636 587 2678 ad
600 2636 640 2678 dm·
653 2635 731 2679 Sedem
743 2634 854 2677 Achaden.
866 2634 951 2676 assumi
967 2633 1038 2676 debet,

170 2722 194 2750 ac
210 2706 315 2750 omnibus
331 2706 381 2749 aliis
400 2706 556 2762 praeferendus
571 2706 599 2749 ob
615 2707 686 2750 varias
704 2707 802 2748 rationes
819 2719 832 2746 a
847 2703 912 2746 nobis
929 2703 1040 2759 judicatur

170 2793 235 2831 unus,
248 2793 314 2835 quem
330 2782 389 2822 certe
407 2778 491 2822 scimus
511 2778 574 2829 01111,
592 2781 614 2820 et
629 2778 713 2833 populi,
730 2776 847 2829 nobilium,
860 2779 881 2818 et
896 2774 1040 2818 mediocrium

169 2851 324 2895 communibus
345 2851 401 2895 votis
427 2850 551 2906 plurimum
581 2848 736 2900 commendari,
757 2844 807 2889 ΗΜ
828 2846 945 2890 admodum
969 2847 993 2889 P.
1011 2849 1038 2890 fr.

168 2923 294 2967 Ludovious
310 2923 386 2967 Dillon
398 2922 450 2966 Ord.
467 2921 523 2964 Min.
542 2920 633 2962 Strictae
652 2918 741 2962 Obserr.
752 2918 821 2960 Illmi.
833 2918 973 2962 Vicecomitis
988 2918 1036 2961 Dil-

168 2994 205 3036 lon
223 2992 270 3050 (qui
290 2995 313 3037 in
330 2993 357 3037 dl·
367 2994 461 3038 dioecesi
477 2991 591 3036 Achaden.
612 2990 697 3046 amplas
712 2990 863 3046 possessiones
878 2989 953 3047 habet)
969 2990 1036 3041 filius,

169 3064 217 3119 huj.
237 3066 365 3109 Provinciae
386 3067 438 3109 olim
467 3064 584 3116 Definitor‚
606 3076 646 3106 nec
666 3077 711 3106 non
733 3062 783 3105 aliis
803 3063 869 3106 variis
891 3063 926 3106 sui
948 3062 1039 3105 Ordinis
