2416 3337
415 195 561 227 SPICILEGIUM
577 193 721 224 OSSORIENSE.

130 266 1001 283 W

130 346 222 388 consilio
233 348 271 387 aut
282 356 392 386 consensu
402 341 470 397 Regis
480 339 582 396 Angiiae,
599 339 644 380 imo
660 351 705 380 non
722 351 772 380 cunr
788 350 813 378 ea
829 335 965 391 providentia
980 340 1002 377 et

129 431 181 459 cura
197 419 262 471 quam
278 415 382 457 officiales
399 414 446 470 ejus
463 412 566 455 adhibere
583 409 670 459 debent,
682 422 711 451 ne
723 408 808 451 affectio
821 407 859 449 iiia
876 411 898 449 et
915 406 1001 449 devotio

129 488 245 529 minuatur
254 500 319 542 quam
326 485 446 528 Hibernioa
454 484 515 526 natio
527 496 613 538 semper
628 481 707 523 habuit
719 481 854 537 singularem
865 493 916 535 erga
925 491 1000 534 perso·

128 571 180 599 narn
189 556 211 599 S.
224 556 348 612 Majestatis
360 559 381 597 et
393 559 456 597 antea
467 557 489 596 et
499 556 617 610 postquam
626 567 638 594 a
648 552 695 594 Deo
702 551 758 607 ipsis
765 551 830 593 datus
839 549 900 593 Rex:
912 552 1001 591 tantum

128 632 153 669 nt
164 627 255 670 Praeses
272 641 337 671 suurn
348 627 399 669 inde
410 626 474 668 faciat
486 623 626 667 commodum
636 623 728 665 tametsi
738 622 761 664 id
771 622 813 664 hoc
823 625 922 677 tempore
931 621 1000 663 nimis

127 699 266 742 incommode
287 703 410 755 quaeratur.
446 698 502 749 Quia
523 697 575 739 licet
596 697 633 753 qui
655 696 687 738 sic
708 694 837 751 affliguntur
862 707 1000 750 quocumque

127 775 221 827 possunt
231 772 301 828 pretio
312 770 495 814 conscientiarum
507 783 598 813 suarum
608 768 746 811 vexationem
762 766 857 809 libenter
866 765 999 809 redimerent

127 847 202 885 tamen
213 845 237 885 in
248 843 336 899 regione
347 843 400 884 adeo
411 841 518 884 exhausta
528 841 593 892 beilo,
610 841 667 883 fame
678 843 700 882 et
711 843 772 896 peste
788 854 833 882 non
849 839 931 895 poterit
945 838 998 880 inde

128 915 154 957 ad
165 915 291 957 Praesident
303 914 477 969 emolumentum
493 927 600 968 magnum
616 912 721 954 accedere
753 911 837 953 idcirce
850 911 946 953 ineunda
962 914 997 952 est

127 984 200 1040 aliqua
210 984 266 1026 ratio
277 982 391 1026 commoda
406 997 443 1038 per
459 996 526 1037 quarn
541 982 594 1023 haec
609 982 657 1036 ipsa
676 981 776 1036 ejusdem
793 980 863 1035 Regis
882 980 997 1035 Majestati

124 1057 256 1112 tempestive
276 1056 424 1106 innotescant.
457 1055 527 1104 Quare
544 1068 595 1095 cum
611 1068 637 1095 ea
652 1053 751 1095 uideatur
761 1052 836 1094 futura
847 1051 942 1093 maxime
957 1064 997 1106 pro

125 1126 195 1182 gioria
206 1127 256 1177 Dei,
268 1140 306 1181 pro
318 1125 389 1167 salute
400 1128 422 1166 et
433 1124 511 1166 solatio
523 1122 622 1179 ejusdem
630 1122 742 1172 Rationis,
752 1136 790 1178 pro
797 1121 880 1163 honore
890 1120 999 1163 Catholici

125 1197 285 1252 Hispaniarum
296 1197 363 1252 Regis
375 1199 397 1238 et
408 1210 445 1252 pro
458 1195 607 1237 satisfactione
618 1195 686 1250 Regis
696 1193 790 1250 Angiiae
806 1197 924 1249 postquam
939 1193 998 1235 inter

125 1269 214 1311 eosdem
225 1268 281 1310 (tuos
291 1268 363 1323 Reges
373 1267 459 1309 tamdiu
471 1271 573 1323 exoptata
584 1281 627 1323 pax
636 1266 725 1317 coaluit,
738 1270 763 1308 nt
773 1280 811 1322 per
822 1265 890 1308 Suam
900 1265 997 1308 Oathoii-

124 1354 172 1389 cam
188 1340 329 1396 Majestatem
344 1340 401 1395 Regi
415 1339 508 1394 Angiiae
525 1340 716 1381 communicentur
731 1338 785 1380 haec
802 1341 824 1379 et
842 1352 882 1393 pro
899 1337 996 1379 remedio

123 1410 247 1457 adhibendo
263 1409 451 1451 commendemur.
484 1409 520 1451 uu
531 1409 554 1450 id
564 1409 603 1450 fiat
615 1409 713 1451 ordinate
725 1407 903 1464 quandoquidem
915 1409 994 1450 certior

123 1481 150 1523 de
164 1480 244 1522 iisdem
260 1481 387 1522 informatio
403 1480 472 1522 missa
488 1483 522 1521 est
540 1480 567 1521 ad
584 1480 661 1522 urbem
677 1479 734 1522 hanc
753 1481 777 1521 in
794 1492 837 1536 qua
855 1479 995 1522 Excellentia

122 1552 202 1594 Vestra
214 1551 339 1594 Catholicae
350 1550 476 1606 Majestatis
487 1551 577 1592 nomine
587 1551 668 1593 residet
684 1555 707 1593 et
722 1551 814 1593 oratoris
826 1565 917 1593 munere
933 1555 995 1593 tanta

123 1637 174 1665 cum
199 1623 317 1678 prudentia
342 1622 444 1677 iungitur
465 1621 545 1664 Visum
566 1626 601 1665 est
621 1622 724 1678 inprimis
749 1622 819 1664 eidem
846 1622 997 1665 Excellentiae

122 1694 215 1736 Vestrae
231 1694 285 1736 hacc
300 1693 375 1736 omnia
390 1696 528 1748 praesentare
547 1694 610 1750 eique
628 1694 750 1750 supplicare
767 1697 792 1736 ut
811 1693 838 1735 ad
858 1693 997 1737 Catholicum

122 1764 206 1820 Regem
215 1769 237 1806 et
246 1763 370 1806 Oonciiium
382 1762 543 1818 Hispaniarum
555 1778 579 1805 ca
589 1764 736 1816 transmittat,
748 1764 840 1806 oratoris
852 1765 890 1819 qui
901 1778 926 1806 ea
936 1779 996 1820 prae-

123 1837 196 1875 sentat
206 1834 296 1876 nomine
306 1832 403 1889 rogando
415 1836 440 1875 ut
451 1846 477 1874 er.
489 1833 564 1875 ordine
582 1833 604 1875 S.
617 1833 744 1876 Catholicae
760 1833 886 1890 Majestatis
902 1835 996 1878 ulterius

120 1904 302 1946 transmittantur
313 1903 337 1945 in
348 1902 453 1959 Angiiarn
465 1903 492 1945 ad
503 1917 569 1946 suurn
580 1904 625 1946 tuto
637 1908 745 1947 oratorem
756 1918 806 1947 oum
817 1904 923 1947 mandato
934 1920 959 1947 ea
969 1909 995 1948 ut

120 1975 268 2029 praemissum
284 1974 340 2030 Regi
361 1973 454 2029 Angiiae
471 1974 649 2017 communicandi
665 1979 687 2016 et
703 1974 873 2017 commendandi
888 1978 994 2032 tanquam

120 2059 175 2101 quae
187 2047 242 2089 scire
253 2050 275 2088 et
284 2045 364 2102 quibus
375 2044 497 2087 remedium
506 2045 610 2088 adhibere
621 2046 720 2102 ejusdcm
729 2047 797 2101 Regis
803 2049 892 2088 tanturn
899 2048 992 2089 interest

119 2120 228 2172 quantum
239 2120 273 2158 cst
283 2115 404 2157 Hiberniae
414 2129 508 2170 regnum
518 2117 542 2157 in
552 2130 606 2170 pace
616 2116 768 2172 tranquilitate
779 2116 821 2158 fide
838 2120 860 2158 et
876 2117 991 2161 (ieuotiono

119 2202 174 2245 erga¹
187 2187 282 2229 eundem
299 2200 364 2229 suum
380 2186 463 2241 Regem
479 2200 613 2229 conservare.
652 2187 697 2230 Ubi
713 2202 765 2230 oum
784 2201 862 2230 omnes
879 2189 924 2230 fere
945 2190 990 2232 sint

118 2259 244 2303 Catholicae
254 2259 367 2315 religionis
379 2262 401 2300 et
411 2258 556 2314 professionis
573 2259 641 2301 etiam
656 2273 788 2315 persuasum
803 2259 888 2301 habent
898 2261 990 2304 titutum

119 2344 161 2386 quo
173 2331 245 2386 Reges
256 2329 350 2385 Angliae
361 2328 485 2371 dominium
497 2328 520 2371 in
532 2342 570 2371 eos
580 2333 711 2385 acceperunt
727 2343 776 2372 esse
792 2333 818 2371 ut
829 2330 929 2386 ejusdem
940 2332 990 2374 reii-

118 2401 191 2455 gionis
199 2402 252 2456 jura
262 2400 320 2442 inter·
330 2399 391 2455 ipsos
403 2397 487 2440 illibata
499 2401 520 2440 et
530 2399 618 2454 integra
629 2403 760 2443 conservent
773 2400 836 2456 juxta
847 2400 933 2443 litteras
949 2401 989 2444 hac

118 2471 144 2513 de
156 2487 179 2514 re
191 2472 254 2514 datas
265 2471 291 2513 ab
302 2470 400 2513 Adriano
412 2473 488 2526 quarto
500 2469 607 2512 Pontiiioe
618 2471 717 2515 Maximo
734 2487 790 2528 quae
806 2486 865 2515 anno
877 2473 989 2529 superiore

116 2542 174 2585 inter
185 2544 240 2586 aiias
251 2543 355 2585 historias
365 2556 392 2584 er.
399 2541 481 2597 Anglia
489 2541 517 2583 ad
527 2541 551 2584 id
560 2543 642 2586 missas
651 2542 792 2586 Francoiurti
802 2547 855 2586 sunt
862 2544 988 2600 impressae.

116 2612 180 2656 Unda
191 2628 242 2656 cnm.
254 2627 281 2656 en
290 2616 404 2669 praetextu
417 2613 538 2655 edictorum
551 2606 596 2655 sive
609 2617 743 2656 statutorum
750 2628 810 2670 *qnae
822 2617 898 2657 contra
907 2614 986 2657 Catho-

115 2683 169 2728 iicos
179 2686 203 2728 in
214 2684 296 2740 Angiia
307 2685 362 2726 forte
374 2685 431 2726 facta
443 2688 496 2727 sunt
508 2687 546 2727 aut
561 2684 680 2740 publicata,
693 2700 744 2728 non
761 2685 837 2728 debeat
853 2687 900 2741 peti
916 2699 986 2727 exem·

115 2754 178 2809 pium
195 2755 278 2798 similia
288 2755 312 2797 in
323 2753 433 2796 Hibernia
444 2754 553 2798 condendi
563 2759 602 2798 aut
613 2756 698 2799 edendi.
730 2756 821 2799 Accedit
832 2756 891 2813 quod
902 2770 951 2798 cnm
962 2757 985 2798 in

115 2823 196 2880 Angtia
214 2827 243 2869 sit
260 2839 363 2882 praesens
379 2826 427 2881 ipse
443 2825 491 2868 Rex
506 2826 544 2882 qui
563 2841 602 2882 pro
621 2828 738 2883 prudentia
757 2842 796 2871 sua
815 2831 837 2868 ct
854 2827 986 2869 authoritate

117 2898 189 2952 potest
201 2897 336 2952 suspendere
352 2899 392 2939 aut
407 2897 516 2939 moderari
532 2899 685 2941 executionem
702 2897 810 2954 ejusmodi
826 2896 948 2938 edictorum
964 2902 986 2940 et

116 2968 250 3010 statutorum
262 2981 317 3022 qnae
333 2981 372 3022 pro
384 2967 427 3009 alia
437 2967 483 3010 iitic
493 2967 610 3011 hominnm
622 2972 644 3010 et
655 2982 729 3010 rerum
739 2966 864 3009 conditione
876 2967 987 3024 contingit

115 3050 224 3090 emanare,
237 3036 292 3079 siin
306 3035 416 3079 Hibernia
431 3038 573 3092 permittatur
589 3037 688 3092 ejusdem
706 3034 838 3092 officiaiibus
850 3039 949 3081 statuere
965 3042 988 3081 ct

894 3120 902 3146 1
