2416 3337
487 187 631 219 SPIGILEGIUM
645 188 788 220 ossonmusn.

591 419 684 463 XLVH.

204 545 300 589 Lurrau
311 560 338 590 or
349 560 395 590 rna
406 547 525 590 Pantanus
537 560 564 590 or
573 548 712 592 Oouurusrrr
724 561 750 591 ro
761 561 806 590 rna
817 548 931 593 Grannum
940 549 1074 592 Pnornorou

447 632 473 660 or
484 619 591 670 Iannrun,
604 619 616 659 1
629 619 742 672 Osrosan,
755 619 821 661 1632.
876 614 879 619 ’

204 732 267 775 Eun.
285 733 342 775 Dru.

249 812 304 856 (lum
316 813 434 856 admodum
445 813 470 856 R.
482 812 509 855 D.
520 813 536 855 J
536 813 616 856 acobus
625 813 730 856 Fallonus
747 813 793 856 Via.
811 813 952 870 Apostoliecs
963 813 1074 857 thaden.

202 888 227 927 ut
237 885 375 940 negotiorum
393 888 519 929 nostrorum
531 889 590 928 actor
606 889 628 928 et
643 889 770 941 procurator
781 886 848 927 fuerit
859 900 871 928 a
882 886 945 930 nobis
957 887 980 928 in
991 886 1075 929 curiam

201 954 332 1007 destinatus,
341 955 380 998 sed
392 955 419 998 ob
430 956 476 998 viae
486 960 508 998 et
517 956 622 1012 temporis
631 955 717 999 diversa
725 956 821 1012 pericula
831 956 886 1012 (Deo
897 958 928 999 ita
936 955 1075 1013 disponente)

200 1025 323 1082 impeditus
334 1025 431 1069 Parisios
442 1027 536 1069 transire
548 1027 683 1083 nequiverat,
696 1026 723 1069 ad
734 1040 818 1083 nosque
830 1027 861 1086 sit
869 1041 976 1079 reversus,
989 1031 1010 1070 et
1020 1027 1075 1070 alias

201 1096 265 1138 nobis
276 1099 298 1138 et
308 1096 450 1152 Reipublicae
460 1101 548 1139 nostrae
558 1097 655 1139 manime
665 1097 803 1140 necessarius
812 1113 818 1147 ;
831 1096 884 1139 hino
895 1100 935 1148 est,
945 1111 974 1139 ne
985 1101 1075 1141 nostrae

201 1167 329 1210 Provinciae
343 1168 433 1223 negotia
449 1167 535 1210 delectu
551 1168 622 1210 fidelis
639 1171 661 1210 et
676 1167 761 1223 probati
776 1167 878 1210 relatoris
894 1168 917 1209 in
928 1167 1074 1222 direptionem

201 1238 287 1289 abeant,
299 1239 358 1294 quod
369 1239 433 1282 nobis
445 1240 518 1281 visum
530 1242 564 1281 est
575 1239 601 1281 de
612 1238 725 1281 communi
737 1237 829 1280 consilio
841 1242 862 1279 et
874 1251 983 1280 consensu
994 1237 1074 1293 eligere

200 1309 320 1352 admodum
336 1310 363 1352 R.
374 1309 403 1350 D.
416 1309 562 1351 Edmundum
579 1311 653 1363 Duyer
670 1308 692 1350 S.
707 1307 783 1351 Theoi.
800 1308 926 1360 Ductorem,
939 1312 960 1351 et
976 1309 1072 1352 Eccliae.

199 1380 319 1423 Imoiacen.
330 1380 523 1432 Arolridiaoonum,
536 1382 607 1423 virum
618 1380 719 1436 probum,
731 1380 859 1435 perfectum,
872 1383 894 1421 et
910 1380 978 1422 nobili
989 1380 1073 1423 familia

199 1455 279 1502 ortum,
291 1464 385 1506 magnae
396 1450 546 1503 sufficientiae,
559 1454 581 1493 et
597 1450 623 1492 de
639 1450 683 1492 fide
700 1449 814 1492 Catholica
830 1450 998 1502 benemeritum,
1014 1450 1073 1492 viam

199 1520 278 1563 salutis
294 1534 344 1562 oum
354 1521 451 1563 maximo
467 1521 560 1563 animur.
577 1520 636 1562 lucro
653 1519 689 1561 hic
707 1534 720 1561 a
735 1519 812 1561 multis
823 1520 888 1562 annis
903 1534 957 1575 pure
967 1523 990 1562 et
1000 1520 1072 1563 nelose

198 1591 303 1643 docendo,
308 1592 410 1635 omnium
414 1595 506 1635 nostror.
511 1592 651 1648 negotiorum
655 1591 822 1632 Procuratorem
830 1594 852 1632 et
859 1590 946 1633 fidelem
950 1590 1071 1633 relatorem.

200 1663 271 1714 Quare
278 1665 354 1706 Emae.
362 1664 391 1705 D.
399 1664 471 1715 Vnae,
479 1663 547 1719 hujus
554 1663 645 1705 afflictae
654 1662 737 1718 patriae
746 1662 857 1703 communi
865 1662 951 1717 parenti
958 1661 1073 1704 humiliter

200 1734 355 1789 supplicamus,
368 1738 393 1775 ut
404 1734 487 1776 nullius
497 1734 588 1777 alterius
598 1734 758 1790 cujuscumque
769 1733 874 1784 nominis,
887 1736 925 1775 aut
935 1734 1071 1776 auctoritatis

199 1806 219 1847 is
230 1805 304 1856 fuerit,
315 1804 438 1857 relationes,
450 1805 624 1857 informationes,
637 1808 675 1847 aut
686 1803 888 1847 commendationes
904 1804 1032 1847 inducentes
1044 1805 1072 1847 ad

200 1876 325 1926 divisiones,
337 1876 437 1928 uniones,
449 1880 470 1918 et
480 1877 630 1932 promotiones
641 1876 764 1932 aliquorum
779 1876 803 1917 in
819 1875 859 1917 hac
870 1878 945 1917 nostra
956 1875 1071 1917 Provincia

200 1951 238 1990 aut
245 1947 318 2003 aliqua
324 1947 370 2002 ejus
379 1951 441 2003 parte
449 1948 567 2004 accipiatis,
579 1948 623 1990 nisi
633 1948 695 2003 prius
703 1946 777 1989 habita
787 1945 855 2001 hujus
866 1945 908 1987 nri.
920 1945 1070 1989 Procuratoris

198 2019 360 2061 informatione.
393 2018 424 2060 Et
436 2019 466 2062 sic
477 2019 505 2061 D.
520 2019 546 2061 Ο,
559 2019 590 2061 M.
602 2021 715 2061 conservet
725 2017 752 2060 V.
764 2017 791 2059 Ε.
804 2016 885 2058 Dnem.

246 2128 329 2172 Datum
340 2144 367 2172 en
378 2128 425 2173 loco
437 2131 507 2174 nostri
517 2130 597 2186 refugii
607 2130 631 2172 in
642 2128 750 2171 Hibernia
761 2128 773 2168 1
786 2127 894 2179 Octobris,
908 2126 973 2170 1632.

562 2246 700 2295 truncans,
713 2242 827 2298 Archieps.
840 2243 947 2285 Tuamen.

559 2330 599 2371 Fu.
611 2329 721 2378 Bonrrus,
734 2325 855 2381 Elplrinen.
867 2325 922 2381 Eps.

558 2412 590 2454 Io.
602 2412 705 2461 Bassus,
717 2408 877 2463 Via-Aptious.
895 2406 1028 2450 Clonferten.

649 2486 671 2524 et
681 2480 826 2534 Vicesgerens
838 2477 965 2522 Duacensis.
