2416 3337
359 128 503 174 srrcrnacruru
520 144 662 174 ossoamusn.
919 131 946 172 11

82 309 127 338 non
139 293 207 336 semel
218 296 283 333 antea
298 291 388 348 quidem
406 290 497 333 Patroni
508 290 589 333 auxilia
608 291 664 332 circa
680 288 739 332 idem
757 289 854 331 festum:
871 288 948 344 inquo

82 367 139 409 sesto
150 363 288 406 examinatus
299 363 391 405 eductus
408 365 441 404 est
456 366 507 418 post
523 361 666 418 quatriduum
678 361 712 404 die
723 361 830 403 nimirum
842 359 865 402 S.
877 360 950 401 Bene-

83 437 135 479 dicti
147 438 167 477 et
178 435 201 477 11
212 435 322 491 quoddam
332 434 459 476 cubiculum
469 434 564 489 positus.
597 434 642 476 Hic
650 433 704 476 dum
711 432 851 488 ageretrenit
862 431 950 474 adeum

82 508 151 550 turris
158 506 309 549 Londinensis
318 506 444 548 Praefectus
456 519 557 548 asserens
568 505 633 548 illum
641 519 751 548 summam
762 504 899 547 commisisse
907 506 950 545 tra-

82 577 196 629 ditionem,
208 577 267 634 quod
277 577 370 620 Romam
381 577 469 633 petierit
484 576 556 632 Papae
573 576 734 619 obediendoin
745 575 908 631 pertinentibus
924 573 952 615 ad

82 648 201 691 Hiberniae
211 648 324 691 Ecclesiae
343 648 441 704 Reginae
458 647 567 704 subjectas
576 662 582 699 3
600 650 739 703 recepturum
757 660 808 689 vero
825 660 876 688 eum
887 645 951 688 bene-

82 721 130 763 ficia
141 721 295 764 Ecclesiastica
306 724 327 763 et
338 725 422 762 caetera
433 720 485 762 talia
503 720 530 763 ab
541 720 589 776 ipsa
600 719 685 776 Regina
702 719 721 762 si
731 720 780 775 ejus
789 718 894 761 instituta
903 731 952 773 pro-

82 806 168 835 movere
188 796 309 834 conaretur.
349 791 411 833 Talia
433 791 504 834 adlrnc
523 791 591 834 semel
614 795 678 847 atque
699 790 781 833 iterum
801 803 841 846 per
859 790 952 832 carceris

82 863 194 905 custodem
216 863 288 905 eidem
309 867 416 904 carcerato
437 863 548 905 inculcata
568 867 629 914 aunt,
651 863 699 919 ipso
723 862 872 919 respondente
893 861 952 917 quod

80 934 168 977 inutilis
180 934 281 977 servulus
291 934 330 976 Xti
341 933 473 989 respondere
482 933 565 975 debuit.
588 934 689 976 Tandem
696 934 841 976 hebdomadis
852 934 951 989 quinque

81 1007 105 1048 in
117 1006 192 1049 ecdem
209 1005 308 1048 cubiculo
324 1006 420 1061 peractis
437 1005 532 1061 cogitare
544 1006 615 1060 coepit
633 1006 691 1047 infra
707 1009 805 1048 octavam
816 1004 914 1047 Paschae
925 1005 953 1046 de

82 1077 117 1120 sui
138 1076 165 1118 ad
177 1075 304 1119 exeundum
321 1075 494 1132 praeparatione,
515 1075 701 1131 contemplatione
722 1076 836 1132 cujusdem
855 1075 952 1118 11111111

80 1150 155 1192 locum
165 1149 204 1192 ubi
213 1149 238 1191 in
250 1148 326 1191 eadem
336 1148 394 1190 turri
404 1146 569 1190 custodiebatur
585 1161 694 1203 egressae,
710 1147 842 1203 plumasque
852 1147 952 1203 parantis

81 1221 109 1263 ad
119 1220 250 1276 fugiencium
267 1234 279 1261 a
294 1220 485 1276 persequentibus.
526 1220 598 1271 Quare
614 1221 637 1261 111
653 1220 741 1262 tunicae
757 1219 848 1262 alterius
859 1219 952 1261 manicis

82 1291 191 1334 sarcinula
209 1291 336 1346 composita,
356 1304 475 1346 magnusa
494 1290 598 1346 uigilibus
617 1290 747 1333 custodibus
769 1294 839 1333 nocte·
851 1290 952 1346 sequenti

81 1358 171 1403 auditus
182 1365 215 1402 est
227 1361 331 1416 strepitus
341 1362 365 1402 in
383 1361 431 1416 ejus
449 1360 550 1403 cubiculo
566 1364 588 1402 et
599 1360 653 1403 locis
663 1360 870 1417 circumjacentibus
888 1362 951 1417 cujus

80 1432 189 1474 rationem
199 1445 251 1473 cum
261 1445 326 1473 mane
333 1432 359 1474 ab
366 1432 413 1487 ipso
421 1435 495 1474 custos
506 1433 596 1474 carceris
605 1435 695 1487 peteret,
704 1433 824 1488 respondit,
834 1433 894 1489 quod
903 1446 950 1475 rer-

80 1503 185 1546 issimum
195 1506 249 1554 erat,
259 1502 315 1544 1111111
325 1503 370 1545 tale
381 1517 404 1545 se
415 1504 493 1545 iecisse
502 1503 537 1545 vel
545 1504 663 1555 audivisse,
674 1505 763 1560 signum
771 1509 846 1547 tamen
855 1505 950 1561 alicujus

81 1575 236 1618 commotionis
252 1574 328 1617 eodem
343 1588 410 1617 mane
424 1575 448 1616 in
459 1574 559 1619 cubiculo
569 1575 630 1618 vidit.
661 1576 731 1618 Nocte
747 1576 816 1619 attera
825 1576 951 1620 immediate

82 1646 183 1702 sequenti
202 1649 276 1688 totum
297 1659 400 1688 somnum
422 1645 515 1688 absolvit
536 1646 666 1689 somniando
687 1660 711 1689 se
731 1661 816 1689 carcere
836 1660 952 1702 egressum

82 1721 214 1760 scrutatores
225 1717 262 1759 sui
272 1716 323 1759 binc
333 1717 384 1759 inde
400 1718 509 1773 lugitasse
526 1718 593 1774 (quod
609 1732 645 1761 res
661 1719 741 1761 veritas
759 1718 833 1762 triduo
849 1719 952 1776 sequenti

81 1788 246 1844 comprobavit),
259 1788 414 1843 apparentibus
426 1788 558 1844 quibusdam
567 1789 678 1833 defunctis
687 1789 768 1846 quibus
775 1793 839 1832 antea
850 1790 886 1832 die
897 1790 951 1833 Pas-

81 1858 138 1901 chae
146 1862 167 1900 et
178 1859 280 1914 sequenti
290 1858 445 1914 indulgentias
460 1873 513 1901 suae
524 1859 664 1915 dispositioni
680 1861 810 1903 commissas
821 1861 949 1917 applicabat.

80 1930 160 1986 ltaque
170 1930 340 1986 interrumpenti
357 1944 460 1974 somnum
477 1935 501 1973 et
509 1946 599 1975 rursum
610 1932 736 1984 dormienti,
754 1932 838 1975 eisdem
857 1933 951 1976 somniis

80 2001 250 2052 recurrentibus,
263 2000 352 2044 tandem
370 2002 525 2057 crepusculum
543 2003 649 2058 apparuit.
688 2003 786 2058 Surgens
802 2004 872 2059 igitur
890 2005 950 2046 etin

79 2071 140 2113 horis
152 2070 270 2113 Canonicis
285 2071 428 2127 progredions
444 2086 495 2114 cum
513 2072 540 2114 ad
558 2073 626 2115 finem
642 2074 748 2115 orationis
765 2073 895 2116 Dominicae
905 2074 949 2117 lec·

79 2141 151 2184 tiones
161 2141 309 2196 praecedentis
324 2142 459 2196 pervenisset
475 2156 524 2184 ecce
540 2144 614 2185 animo
630 2145 724 2186 occurrit
738 2145 851 2200 praeteriti
867 2146 949 2189 somnii

80 2225 136 2254 nora
146 2214 169 2253 et
179 2211 222 2253 alia
232 2211 359 2262 recordatio,
370 2211 430 2254 unde
441 2225 517 2254 secum
525 2210 788 2268 cogitabundus'tandem
799 2215 858 2257 exire
870 2217 949 2259 statuit

79 2283 153 2326 risum
164 2296 260 2338 quonam
270 2285 332 2338 pacto
348 2283 441 2325 carceris
460 2284 518 2326 ostia
532 2297 579 2326 sese
590 2284 706 2327 haberent.
736 2285 875 2341 HuJ'usmodi
892 2288 950 2343 cogi·

79 2353 133 2396 tatio
144 2352 233 2408 repulsa
241 2352 338 2405 redibat;
349 2354 382 2395 ita
393 2354 466 2397 animo
475 2354 572 2410 quietem
579 2355 705 2411 repellebat.
738 2356 837 2400 Tandem
846 2372 950 2413 egressus

78 2425 134 2468 uidit
144 2426 218 2467 omnia
229 2427 322 2468 carceris
332 2426 389 2468 ostia
398 2433 478 2482 aperta,
490 2441 546 2483 quae
555 2428 626 2470 firmis
634 2429 689 2471 seris
697 2429 773 2472 clausa
784 2444 832 2473 esse
841 2432 948 2484 solebant,

79 2500 102 2539 at
112 2497 188 2553 fugam
200 2498 274 2539 annno
285 2498 382 2540 multum
393 2502 513 2551 auersatus,
526 2499 550 2542 in
562 2500 689 2544 cubiculum
700 2502 824 2555 revertitur,
836 2504 890 2559 quin
900 2519 949 2546 rur-

79 2582 131 2610 sum
138 2567 219 2623 negatd
226 2569 297 2611 menti
307 2569 382 2625 requie
393 2569 421 2612 ad
430 2569 495 2612 boras
510 2571 671 2626 persolvendas,
680 2573 761 2616 iterum
769 2575 846 2618 exiens
856 2576 948 2619 circum-

79 2640 150 2694 spexit
159 2640 215 2682 ostia
221 2643 244 2682 et
254 2641 278 2682 in
288 2640 414 2684 cubiculum
425 2656 526 2685 reversus
535 2644 608 2686 Deum
616 2648 718 2701 precatur
728 2650 753 2688 ut
764 2647 863 2690 anicium
871 2662 896 2691 ec
906 2649 947 2690 im·

78 2710 146 2765 pellat
155 2725 197 2767 quo
206 2710 295 2753 divinus
306 2711 375 2755 honor
383 2712 515 2769 requirebat·
536 2714 595 2757 Hinc
606 2720 705 2771 paratam
716 2717 789 2760 animo
800 2719 898 2760 tunicam
906 2719 947 2762 sirb

78 2781 193 2824 brachium
201 2783 289 2839 capiens
298 2783 372 2839 (quam
379 2783 516 2828 liberationis
523 2787 660 2830 occasionem
666 2789 740 2832 Deoin
748 2790 808 2832 exitu
816 2790 946 2843 ordinatam,

78 2855 129 2906 post
140 2853 224 2896 exitum
235 2868 248 2895 a
265 2867 289 2897 se
304 2854 365 2897 velut
378 2855 564 2911 impedimentum
579 2859 679 2914 projecit)
699 2861 726 2903 ad
742 2860 844 2904 ultimam
854 2861 947 2905 tandem

78 2925 163 2977 portam
176 2925 240 2979 (quae
258 2926 313 2968 forte
331 2930 392 2970 sexta
409 2942 421 2969 a
437 2928 539 2972 cubiculo
550 2931 604 2983 erat)
618 2935 677 2975 recta
693 2931 798 2987 pervenit,
816 2932 858 2975 etsi
868 2933 948 2978 itinere
983 2952 984 2956 ¹
