2416 3337
444 169 587 200 srroruneruur
603 170 745 201 ossonrnusn.
989 158 1032 200 155

164 322 187 360 et
207 317 288 367 fructu,
310 316 358 357 sine
379 319 440 358 metu
461 328 529 358 novae
544 316 711 370 persecutionis,
733 316 836 370 praefuit,
858 315 903 358 imo
924 318 1033 371 promotio

164 386 302 430 Ultoniensis
318 386 403 428 videtur
421 387 495 442 potius
511 386 614 429 fraenum
630 386 746 429 haereticis
764 401 792 428 ne
810 386 943 429 invehantur
961 391 1035 430 contra

164 456 290 500 Oatholicos
303 456 337 498 vel
352 470 389 499 eos
404 460 582 513 persequantur:
604 472 655 500 nani
670 472 714 515 quo
725 458 775 514 plus
790 458 895 500 haeretici
910 457 1036 501 Catholicos

163 528 252 577 timent,
260 541 285 569 eo
293 527 370 570 mitius
379 542 417 571 eos
428 531 531 580 tractant,
544 528 603 585 quod
613 528 682 571 videri
692 533 726 571 est
736 542 795 570 nunc
803 528 909 585 temporis
920 543 958 584 per
965 532 1035 571 totam

162 597 294 640 Hiberniam
307 602 395 655 propter
406 603 490 642 metum
507 604 637 656 conceptum
648 600 706 657 quod
725 599 833 643 Catholici
852 599 938 642 aditum
957 599 1036 643 darent

163 668 220 725 Regi
230 667 389 725 Hispaniarum
398 671 426 714 ad
436 670 581 714 invadendam
592 671 731 714 Hiberniam.

209 740 246 783 10⁰
263 741 286 784 2³
302 741 413 798 Objectio:
447 742 545 786 Comites
560 743 665 797 Tyroniae
680 746 702 785 et
719 729 868 798 Tyroonalliae
879 741 966 784 instant
977 751 1034 781 sem-

161 826 200 868 per
217 826 257 868 pro
277 813 381 864 fratribus
398 813 521 857 minoribus
539 814 693 870 promovendis
712 829 736 857 ac
754 813 846 870 proinde
863 828 908 856 non
931 811 1034 855 videntur

163 881 302 924 exaudiendi.

207 952 368 1010 Respondetur‚
381 954 440 1010 quod
455 954 505 996 licet
521 954 546 996 in
557 954 649 997 Ultonia
664 956 742 998 nullus
759 956 788 998 sit
798 955 901 997 Antiates
918 970 945 997 ex
956 954 1033 997 ordine

163 1024 282 1075 minorum,
289 1025 336 1080 jam
344 1039 391 1067 sese
399 1023 566 1076 contentabunr,
576 1025 642 1067 modo
650 1025 715 1067 detur
722 1025 754 1067 eis
761 1024 841 1080 aliquis
848 1025 994 1075 tiberiensis,
1004 1023 1035 1064 sit

162 1086 189 1136 ex
201 1093 264 1137 Olera
277 1094 374 1137 Seculari
384 1095 419 1137 vel
429 1094 540 1150 Regulari,
553 1095 652 1150 quamuis
662 1095 753 1151 quidem
765 1094 857 1136 mallent
868 1095 948 1153 luisset
955 1094 1033 1135 Frater

161 1166 361 1223 min01·,nonquia
377 1167 444 1209 frater
454 1165 534 1216 minor,
553 1166 591 1208 sed
603 1166 653 1222 quia
664 1167 739 1209 sciunt
755 1165 822 1207 talem
837 1166 899 1208 Clero
916 1170 938 1207 εὴ
953 1164 1035 1221 populo

161 1237 288 1292 Ultoniensi
303 1238 348 1280 fore
364 1238 435 1294 magis
451 1240 546 1294 gratum,
559 1241 581 1279 et
598 1238 728 1293 proficuum,
740 1237 880 1280 attendentes
896 1252 947 1279 cunr
958 1235 1034 1278 Eccle-

163 1309 208 1352 siae
220 1309 310 1351 cuilibet
325 1309 502 1365 praeficiendum,
513 1308 554 1363 qui
569 1308 640 1363 magis
657 1308 752 1350 idoneus
767 1308 883 1364 reperitur,
896 1308 941 1350 sive
956 1307 1032 1362 hujus,

161 1380 207 1423 sire
217 1380 277 1422 illius
287 1380 385 1422 instituti
396 1381 433 1423 sit.
465 1379 531 1422 Plura
543 1379 584 1421 alia
594 1379 723 1435 hujusmodi
734 1378 840 1434 objiciunt
859 1379 977 1421 adversarii
993 1376 1032 1420 sed

161 1451 213 1506 quia
223 1450 296 1491 iutilia
306 1464 331 1491 ea
342 1451 429 1492 omitto.

209 1519 246 1562 11ο
269 1519 432 1562 Tantummodo
447 1519 604 1562 advertendum
615 1533 692 1562 omnes
702 1522 794 1562 conatus
815 1520 989 1562 adversariorum
1006 1532 1032 1559 eo

161 1591 288 1634 tenderent
304 1590 448 1634 Ultonienses
465 1591 597 1646 opprimant,
609 1594 631 1633 et
646 1590 686 1633 sub
702 1591 756 1646 jugo
767 1591 890 1646 Anglorum
909 1591 1029 1640 detineant,

126 1701 133 1716 ,
161 1663 242 1705 timent
253 1662 312 1704 enim
322 1662 381 1719 quod
392 1663 411 1705 si
422 1663 454 1705 eis
469 1661 558 1704 daretur
573 1661 683 1718 praelatus
695 1662 800 1714 nationis,
809 1663 890 1717 jugum
900 1661 957 1703 illud
968 1675 1031 1703 enou-

160 1737 233 1776 terent
244 1748 268 1776 ac
278 1733 369 1790 proinde
387 1733 547 1790 objectionibus
558 1734 622 1776 lactis
633 1736 655 1776 et
670 1734 720 1775 aliis
732 1733 841 1776 similibus
853 1734 954 1776 animum
966 1733 1032 1775 Sanc-

160 1805 244 1850 tissimi
260 1808 281 1848 et
293 1805 313 1847 S.
326 1805 507 1862 Congregationis
524 1806 551 1849 ab
563 1805 732 1849 Ultoniensibus
743 1808 838 1848 avertere
849 1809 964 1857 conantur,
974 1803 1033 1861 quod

160 1890 226 1932 quam
242 1875 351 1931 injustum
363 1876 392 1918 sit
408 1890 477 1932 aequo
490 1877 561 1932 judici
580 1877 760 1933 perpendendum
775 1876 914 1933 relinquitur.
948 1876 1029 1919 Caveat

160 1962 211 2004 ergo
227 1947 281 1989 Itlffl·
296 1951 318 1990 et
329 1948 375 1989 Rau
390 1948 448 1991 D.V.
460 1962 487 1990 ne
498 1948 525 1990 ab
542 1947 670 1991 adversariis
684 1949 787 1991 Ultoniae
804 1948 926 2004 decipiatur
942 1952 965 1990 et
977 1961 1030 2001 pro-

160 2018 239 2069 videat,
249 2021 275 2061 ut
286 2018 316 2060 ait
326 2018 416 2073 Moyses
427 2018 454 2061 ad
465 2017 587 2060 Dominum
595 2019 642 2073 jam
649 2019 777 2069 moriturus,
786 2019 855 2061 Num.
866 2020 901 2069 27,
912 2018 1029 2069 hecticam,

160 2090 198 2145 qui
208 2089 237 2132 sit
252 2102 316 2143 sccprcr
325 2089 486 2131 rrucltitudiucua
496 2089 554 2131 barac
565 2096 585 2131 et
599 2090 671 2143 possit
680 2090 740 2131 crire
751 2095 771 2130 ct
790 2089 870 2131 'rrtrcrc
886 2095 938 2132 orric
955 2103 996 2141 cos,
1009 2094 1031 2129 at

161 2161 249 2203 educere
266 2174 299 2202 cos
309 2159 342 2201 ccl
357 2160 540 2211 introducerem
558 2161 588 2202 sit
604 2160 695 2215 populus
711 2161 804 2203 Domini
814 2161 871 2203 sicat
886 2175 935 2203 eccs
949 2161 1029 2215 absque

161 2234 261 2289 Pastore.
317 2275 319 2278 ,

207 2304 244 2346 12⁰
259 2302 301 2344 Hic
315 2303 462 2358 adjiciendum
477 2302 586 2359 judicium
600 2318 674 2346 meum
685 2303 713 2347 de
723 2304 777 2347 viris
787 2319 814 2346 ex
824 2304 917 2347 Ultonia
932 2295 965 2345 ad
974 2303 1030 2359 regi-

161 2389 212 2417 men
224 2373 293 2416 dictae
303 2373 422 2425 Ecclesiae,
434 2374 504 2430 magis
514 2373 608 2416 idoneis.
640 2374 671 2416 Et
683 2374 742 2417 salvo
756 2388 841 2431 semper
852 2374 939 2417 meliori
947 2375 1031 2430 judicio
1083 2404 1085 2409 «

161 2446 246 2489 eGlero
253 2438 349 2488 Seculari
356 2445 374 2487 ii
384 2449 437 2489 sunt
447 2446 500 2489 ΒΜ*
512 2444 542 2487 D,
551 2445 685 2489 Edmundus
696 2446 822 2503 Danganus
832 2447 904 2503 Epus.
915 2447 1031 2489 Dunensis

161 2522 183 2560 εὴ
195 2517 334 2560 Gonorensis.
366 2518 409 2561 Est
423 2516 553 2573 Theologiae
561 2516 651 2570 Doctor,
662 2518 696 2560 vir
711 2519 864 2575 integerrimae
881 2519 937 2561 vitae
949 2521 970 2560 et
981 2518 1030 2559 doc-

160 2589 232 2630 trinae
242 2602 308 2639 rarae,
321 2587 379 2644 apud
395 2588 491 2639 Olerum,
504 2587 648 2630 Nobilitatem
659 2593 681 2631 et
692 2589 799 2645 populum
809 2603 890 2645 magna
906 2589 930 2630 iu
941 2602 1029 2631 venera-

160 2659 221 2702 tione
237 2658 340 2701 habitus:
362 2661 384 2701 et
397 2659 427 2702 D.
441 2659 509 2714 Hugo
526 2657 673 2702 Kilmorensis
689 2659 760 2715 Epus.
775 2674 786 2701 a
801 2659 915 2702 nobilitate
931 2658 1032 2700 doctrina

161 2733 183 2771 et
199 2729 318 2772 virtutibus
334 2729 456 2786 plurimum
471 2729 644 2782 commendatus,
661 2719 705 2787 qui
714 2729 777 2773 ambo
795 2729 910 2786 vigilantia
928 2729 986 2770 ΠΙῑῖιαθ
1004 2743 1028 2771 ao

160 2799 214 2841 Bm
224 2799 254 2841 D.
265 2800 304 2842 Va.
315 2814 406 2842 munere
416 2800 542 2856 Episcopali
558 2803 608 2843 ante
618 2800 734 2844 biennium
750 2804 803 2843 sunt
820 2800 901 2842 donati.
922 2799 942 2840 Ε
954 2799 1028 2855 Regu-

160 2869 202 2912 lari
212 2884 262 2913 vero
279 2870 350 2923 Olera,
367 2872 464 2927 primuni
480 2872 565 2915 obtinet
577 2872 657 2925 locum,
674 2870 734 2915 Hm·
745 2872 809 2914 Pater
824 2870 934 2912 Robertus
946 2869 1028 2912 Cham-

160 2940 259 2983 berlinus
279 2941 300 2983 S.
313 2943 446 2999 Theologiae
463 2943 544 2986 Lector
561 2943 673 2987 Jubilatus
690 2948 712 2987 et
734 2941 926 2985 Salamantioensis
943 2940 1028 2985 Doctor

162 3025 219 3056 unus
238 3013 398 3067 egravissimis
417 3014 535 3070 Theologis
553 3015 620 3071 hujus
638 3015 760 3070 temporis3
784 3015 806 3055 et
823 3011 945 3056 secundum
962 3014 1028 3057 Pater
