2416 3337
184 172 227 214 216
464 184 608 215 srrernnerun
624 184 767 216 ossonmnsn.

184 333 254 386 Deus)
259 333 469 389 hujusmisserimae
476 334 823 391 patriaetemplaProtestantium
828 332 1048 390 singulisDominiais

185 405 262 449 diebus
274 406 360 457 adeant,
372 408 395 448 et
405 405 443 461 qui
454 405 586 449 contrahunt
593 407 759 450 matrimonium
770 419 841 448 eoram
851 404 963 448 Oatholioo
975 403 1048 446 Sacer-

185 477 242 528 dote,
254 478 344 520 unieam
355 477 382 519 ad
391 477 466 519 minus
476 491 579 529 maroam,
597 481 620 520 et
635 477 735 530 totidem,
748 478 786 533 qui
796 477 891 519 infantes
906 474 1048 532 baptizandos

184 548 267 590 nostris
278 548 393 604 porrigunt
404 547 522 603 parroehis,
535 548 617 596 solvere
631 551 751 604 negantum
768 552 790 589 et
800 550 825 588 ut
836 538 892 589 nulli
902 547 926 588 in
937 549 1049 602 posterum

185 619 273 674 sepeliri
285 619 370 675 possint
388 619 412 660 in
431 619 535 674 sepulcris
552 621 661 675 majorum
676 618 799 674 jacentibus
816 618 840 659 in
856 617 1006 668 Monasteriis‚
1025 617 1049 658 in

184 690 264 745 quibus
275 691 320 732 fere
331 689 404 732 omnia
415 688 513 744 sepulcra
523 688 591 743 hujus
607 689 703 731 nationis
715 690 797 744 jaoent,
809 691 831 730 et
841 688 932 730 nonnisi
942 702 1049 743 perpauea

184 762 208 803 in
218 760 379 818 parochialibus
387 759 483 815 templis,
493 760 519 802 ob
528 759 662 814 singularem
673 759 810 801 devotionem
819 758 959 814 populorum,
967 761 989 799 et
1000 771 1048 812 pro-

183 845 257 873 cerum
267 844 325 873 niae.
337 830 409 886 gentis
419 830 532 885 semperin
541 828 673 885 Religiosos.
695 829 756 872 Haeo
763 832 785 871 et
792 829 856 886 plura
866 829 908 871 alia
919 828 986 885 hujus
996 828 1047 869 fari·

181 916 221 944 nae
232 904 335 957 portenta
345 901 459 944 brevitatis
470 915 534 943 eausa
545 901 648 957 prosequi
659 901 747 953 omitto;
764 915 835 944 unum
844 904 920 943 autem
931 904 969 942 aut
979 899 1048 941 alium

181 985 287 1014 canonem
296 972 404 1028 adjiciam,
414 986 456 1028 quo
465 972 574 1014 sancitum
585 975 626 1023 est,
637 975 661 1014 ut
669 972 745 1013 tenelli
752 973 821 1014 nostri
831 984 907 1014 omnes
915 970 942 1012 ad
952 970 1047 1012 Pseudo-

181 1056 240 1097 epos.
253 1042 404 1086 Protestantes
416 1041 559 1086 confirmandi
571 1042 686 1094 ducantur,
698 1041 757 1098 quod
768 1055 881 1098 nunquam
887 1042 994 1084 haetenus
1005 1041 1047 1082 fae-

180 1115 229 1155 tum
241 1114 350 1165 novimus,
363 1127 404 1155 nea
414 1113 462 1156 fieri
472 1112 624 1155 mandabatur.
653 1113 766 1155 Praeterea
773 1112 830 1168 quod
839 1104 915 1154 omnes
926 1114 1045 1167 agnoscant

181 1187 315 1238 potestatem
330 1184 452 1240 legitimam
464 1183 588 1226 conferendi
604 1183 690 1226 ordines
708 1197 786 1233 saeros,
806 1182 886 1238 quibus
901 1182 957 1236 ipsis
975 1181 1046 1223 visum

181 1253 255 1305 fuerit,
263 1254 288 1296 in
298 1254 362 1297 dietis
370 1254 521 1309 Pseudo-epis.
549 1254 577 1295 In
588 1257 659 1310 utroq.
670 1254 740 1295 nostri
748 1252 854 1296 Catholici
860 1252 948 1308 passuri
956 1254 1015 1303 sunt,
1025 1254 1047 1292 et

180 1325 297 1379 patiuntur·
306 1325 435 1380 plurimum.
466 1324 503 1365 Ex
513 1323 649 1366 nostratibus
658 1323 727 1366 multa
737 1337 778 1366 nos
794 1323 863 1366 millia
879 1324 951 1366 omnis
968 1313 1045 1366 aetatis

180 1396 365 1447 confirmavimus,
378 1399 401 1437 et
409 1395 436 1437 ad
444 1395 561 1437 minimum
571 1395 676 1438 ducentos
687 1409 713 1437 es
724 1394 870 1450 Regularibus
881 1398 903 1438 et
915 1394 1045 1437 Saeeularib.

179 1467 207 1509 ad
222 1466 261 1510 SS.
275 1467 368 1510 Ordines
383 1466 537 1523 promovimus.
572 1467 636 1519 Quod
650 1466 677 1510 ad
690 1467 819 1523 temporalia
832 1467 890 1510 bona
904 1468 990 1519 attinet,
1004 1467 1044 1510 snb

179 1538 278 1581 funiculo
286 1539 450 1582 distributionis
458 1536 499 1580 liae
508 1552 585 1581 omnes
591 1542 662 1581 terrae
669 1538 692 1581 in
701 1540 810 1595 praesenti
814 1539 895 1595 jacent.
913 1537 1046 1593 lneeperunt

179 1611 238 1652 enim
247 1610 315 1667 Regis
322 1611 420 1653 ministri
428 1612 475 1666 jam
485 1625 498 1651 a
506 1611 578 1652 medio
587 1613 722 1654 annotatam
732 1610 789 1652 liano
798 1610 904 1652 Gonaeiae
911 1610 1045 1665 provinciam

180 1680 261 1733 metiri,
270 1680 329 1736 quod
338 1681 408 1722 adhue
421 1680 480 1732 (lieet
491 1679 552 1722 nullo
563 1683 668 1735 tempore,
680 1680 775 1737 exeeptis
786 1680 869 1723 Dniois.
881 1680 938 1723 dieb.
951 1681 1044 1733 cessent)

180 1766 225 1794 non
240 1753 386 1807 perfecerunt,
399 1765 474 1794 verum
485 1754 551 1807 quota
567 1765 625 1807 pars,
642 1751 676 1794 vel
691 1766 718 1793 an
735 1751 808 1807 aliqua
818 1751 953 1808 relinquetur
968 1751 1046 1794 ineolis

181 1821 303 1863 Catholicis
314 1835 404 1876 prorsus
415 1821 486 1864 adhue
496 1822 624 1877 ignoratur:
637 1822 674 1863 sed
686 1825 743 1865 eerto
752 1823 831 1864 eertins
844 1826 884 1874 est,
895 1822 1043 1864 intentionem

180 1891 248 1947 Regis
258 1905 306 1934 esse
316 1891 368 1944 (nisi
375 1892 444 1934 Draus,
453 1895 533 1942 noster,
541 1892 565 1934 in
573 1892 636 1946 eujus
643 1906 709 1933 manu
718 1906 754 1934 cor
762 1892 845 1947 cujusq.
855 1891 923 1948 Regis
932 1896 972 1943 est,
982 1892 1045 1934 aliter

181 1961 322 2019 disposuerit)
334 1966 402 2006 totam
409 1967 496 2006 nostrae
507 1963 581 2020 gentis
591 1967 678 2014 terram,
688 1963 731 2005 nisi
742 1977 797 2019 quae
804 1963 875 2019 portio
882 1962 953 2005 adhue
959 1964 1042 2006 ineerta

180 2034 299 2077 Catholicis
310 2035 453 2091 relinquetur,
472 2034 602 2077 distribuere
618 2035 675 2077 inter
691 2048 742 2077 suos
754 2048 821 2079 novos
832 2036 1042 2091 supersenimatores

179 2105 337 2147 Protestantes.
355 2105 416 2157 Quae
424 2104 481 2147 mala
488 2109 512 2148 ut
518 2106 627 2147 maturius
635 2106 809 2161 praeveniantur,
820 2109 841 2147 et
849 2106 933 2148 infirmi
941 2120 965 2148 ae
973 2106 1041 2161 pusil-

178 2176 272 2218 lanimes
284 2176 311 2219 de
321 2176 378 2218 facto
389 2175 468 2231 privati
476 2180 498 2218 et
508 2175 608 2231 privandi
619 2176 665 2219 suis
677 2175 837 2232 antiquissimis
855 2176 1040 2232 possessionibus,

177 2262 222 2291 non
237 2247 339 2291 labantur
354 2249 377 2290 in
394 2252 514 2291 extremam
525 2247 709 2304 desperationem,
721 2262 788 2304 quam
798 2248 931 2290 humillimis
941 2248 1042 2304 precibus

177 2333 305 2374 possumus,
314 2320 376 2362 fieris
387 2320 479 2375 genibus
487 2334 591 2376 rogamus
599 2320 690 2363 limum.
698 2320 777 2363 Nrum.
791 2319 886 2373 Patrem,
895 2324 921 2362 ut
929 2334 967 2376 pro
979 2319 1041 2363 nobis

179 2390 347 2433 desolatissimis
357 2392 489 2447 pauperibus
500 2395 561 2435 motu
571 2393 682 2448 pastorali,
695 2396 716 2435 et
728 2406 767 2435 sua
778 2396 868 2448 paterna
883 2391 1040 2446 eompassione,

179 2464 257 2515 literis,
270 2464 290 2506 si
300 2463 377 2519 placet,
390 2465 437 2506 suis
454 2465 544 2520 privatis
562 2465 621 2521 apud
638 2465 761 2521 piissimam
779 2468 802 2506 et
820 2463 956 2506 Catholiaam
971 2476 1040 2505 nram.

179 2536 310 2579 Britanniae
321 2535 429 2592 Reginam
444 2536 570 2588 intercedat,
588 2540 696 2593 quatenus
712 2537 750 2579 illa
764 2540 838 2592 petere
854 2535 980 2591 dignetura
995 2549 1040 2578 nro.

177 2608 334 2664 potentissimo
345 2607 405 2662 Rege
416 2606 535 2650 remedium
545 2607 606 2651 hisee
616 2607 792 2651 intolerabilibus
803 2607 866 2650 malis
883 2606 991 2657 adhibere,
1004 2611 1041 2650 aut

177 2680 274 2736 aliquam
286 2677 365 2722 saltem
375 2677 540 2732 instigationem
548 2692 574 2719 en
585 2678 649 2721 solita
658 2692 697 2721 sua
706 2692 756 2733 erga
765 2677 865 2720 subditos
877 2676 999 2728 elementia,
1011 2692 1039 2720 ne

177 2755 224 2795 tota
240 2765 295 2808 gens
314 2764 400 2807 semper
420 2748 484 2791 Gath.
502 2749 623 2804 Religionis
640 2749 781 2792 tenacissima
800 2753 821 2791 et
840 2749 875 2791 hie
894 2751 915 2791 et
933 2749 956 2790 in
968 2748 1039 2792 futuro

178 2823 264 2867 saeeulo
274 2827 357 2880 pereat.
389 2821 425 2865 Ne
435 2820 549 2872 mirentur,
562 2820 658 2871 obsecro,
673 2820 715 2862 nri.
727 2819 778 2863 ΕΕ.
790 2820 848 2872 1)Ι).,
861 2820 919 2876 quod
929 2820 1040 2864 intermis-

176 2895 260 2937 euerim
270 2895 324 2937 haee
335 2894 455 2937 indisereta
463 2891 555 2935 fortasse
563 2892 628 2934 verba
635 2905 692 2933 urae.
700 2890 816 2944 Relationi,
825 2906 874 2934 eum
883 2891 910 2934 ad
918 2906 966 2935 eam
974 2893 1040 2948 perti-

176 2981 229 3010 nere
240 2981 285 3010 non
295 2966 425 3010 videantur:
442 2967 539 3007 extrema
550 2963 666 3021 siquidem,
678 2977 732 3020 qnae
744 2977 819 3008 omnes
829 2964 926 3017 modum,
939 2968 961 3007 et
968 2964 1039 3021 legem

178 3039 269 3093 excedit,
288 3044 310 3083 et
328 3039 406 3093 nestit,
424 3037 543 3082 necessitas
561 3049 602 3079 nos
619 3035 683 3091 cogit.
715 3035 785 3087 Quare
804 3050 853 3080 eum
868 3051 955 3081 summa
971 3035 1041 3079 nostri
