2416 3337
463 171 607 202 emortuorum
624 171 767 202 OSSORIENSE.
1011 160 1054 203 207

181 322 279 369 vacante,
291 332 336 361 non
347 317 464 366 existente,
476 320 514 357 aut
525 315 651 371 negligente
666 317 762 370 capitulo
780 316 928 371 Suffraganeo,
940 330 979 370 per
990 317 1053 358 devo-

181 389 290 431 lutionem
308 390 401 438 creatus,
420 385 541 441 dependeat
556 385 702 428 nihilominus
721 386 792 442 quoad
808 387 893 442 reliqua
903 400 916 429 a
927 386 1001 441 Gaplo.
1013 386 1054 428 hoc

182 461 223 509 est,
232 457 332 512 possitne
343 457 370 499 ab
379 471 403 499 eo
411 457 496 512 corrigi,
506 457 541 499 rel
549 456 629 512 deponi
637 472 643 508 3
660 470 688 499 an
696 471 747 500 vero
758 472 770 500 a
778 457 852 512 Oaplo.
861 457 890 499 sit
898 460 1023 513 exemptus,
1033 460 1054 498 et

181 527 305 582 Metropno.
317 527 388 583 quoad
399 526 523 582 supradicta
540 526 659 582 subjectus.

228 598 256 638 5⁰¹
268 597 350 639 Utrum
360 597 461 639 Vicarius
473 597 543 640 Gnlis.
556 597 621 639 datus
632 612 645 639 a
654 596 709 639 Sede
720 597 774 653 Apa.
786 597 852 639 alicui
864 596 958 640 dioecesi
968 596 1054 638 vacanti

180 672 269 723 regatur
285 683 298 711 a
316 667 441 712 Oathedrali
459 667 534 724 (laplo.
553 668 666 720 dioecesis,
686 681 714 711 rm
731 672 806 712 autem
824 667 854 710 sit
872 667 899 710 ab
917 667 964 710 eod.
978 664 1052 723 Oaplo.

180 744 304 795 exemptus.

210 812 240 853 6⁰·
258 812 299 854 Vel
317 813 336 855 si
354 812 455 854 Viearius
474 811 547 855 (iniis.
565 812 665 868 Aplicus.
684 812 805 869 delinquat,
824 812 925 867 possitne
943 826 956 854 a
974 811 1050 867 Capio.

180 882 307 925 Cathedrali
319 883 382 925 Sedis
392 883 490 925 vacantis
505 884 587 938 puniri,
599 884 633 926 vel
644 884 738 939 deponi3
756 884 789 927 vel
805 883 885 927 saltem
896 898 908 926 a
918 884 1050 940 Metropno,

179 953 221 1004 vel,
235 954 290 995 Sede
301 953 423 1008 Metropna.
434 957 532 1004 vacante,
544 969 556 995 a
567 954 642 1008 Capio.
653 955 832 1011 Metropolitano.

225 1025 255 1068 7⁰·
272 1023 314 1066 Vel
323 1026 399 1065 utrum
410 1022 538 1077 derogatum
550 1027 584 1064 est
591 1023 742 1078 jurisdictioni
758 1025 827 1079 Capti.
840 1024 902 1066 Sedis
913 1026 1018 1076 vacantis,
1027 1027 1051 1067 in

178 1108 222 1150 qua
228 1094 363 1137 constitutus
370 1097 404 1136 est
413 1092 512 1135 Vicarius
523 1093 631 1148 Aplicus.,
637 1082 678 1148 'per
687 1094 769 1146 omnia,
779 1093 845 1136 sicuti
853 1094 873 1135 si
880 1093 961 1135 vireret
969 1094 1050 1149 spus,

167 1166 212 1208 ivel
223 1179 251 1208 arr
270 1166 370 1222 Caplum.
389 1165 460 1220 possit
476 1167 530 1207 tunc
545 1165 595 1217 diei,
609 1164 716 1208 dioecesis
731 1169 770 1209 aut
784 1164 922 1208 Oathedralis
938 1165 1052 1207 Ecclesiae

176 1238 275 1281 vacantis
286 1238 417 1281 ordinarius.

223 1310 251 1351 8⁰¹
267 1310 364 1352 invaluit
375 1310 398 1351 in
409 1309 480 1351 Prote·
492 1321 538 1351 nra.
556 1308 692 1351 consuetudo
708 1309 900 1360 immemorabilis,
918 1313 944 1352 ut
959 1310 1051 1365 praelati

177 1383 330 1438 dispensantes
343 1383 368 1424 in
384 1380 487 1437 gradibus
502 1381 620 1437 prohibitis
636 1383 844 1438 consanguinitatis,
862 1382 983 1434 affinitatis,
1002 1384 1049 1435 dre,

177 1453 284 1506 recipiant
290 1455 364 1493 taram
373 1452 468 1506 ahquam
474 1451 579 1505 pecuniae
585 1464 624 1506 per
632 1450 723 1494 modum
732 1452 909 1502 sustentationis,
916 1466 954 1495 seu
962 1467 1050 1508 compo-

177 1523 281 1573 sitionis;
298 1537 363 1578 quam
375 1521 557 1564 consuetudinem
573 1512 687 1564 humiliter
704 1523 829 1578 supplicant
846 1522 867 1564 S.
882 1522 941 1574 Sedi,
954 1524 1049 1566 durante

177 1594 304 1645 schismate,
313 1592 401 1635 tolerari
411 1595 460 1633 tum
471 1590 498 1632 ad
506 1591 626 1646 juvandam
637 1605 680 1632 eor.
688 1592 793 1647 inopiam,
802 1596 852 1634 tum
864 1592 891 1633 ad
901 1593 1049 1648 repellendam

176 1666 346 1721 frequentiorem
357 1663 548 1719 dispensationum
560 1662 746 1705 sollicitationem.

223 1738 253 1780 9⁰⁶
270 1737 325 1788 Quia
335 1736 403 1778 conc.
415 1734 496 1778 Prorle.
508 1748 553 1777 non
563 1737 637 1789 potest
648 1734 707 1789 apud
717 1747 766 1785 nos,
778 1734 865 1789 quoties
872 1747 937 1777 eausa
943 1739 1049 1790 posceret,

176 1808 211 1851 vel
228 1811 316 1864 urgeret
332 1806 459 1857 necessitas,
477 1806 590 1848 convocari
610 1808 699 1860 propter
718 1805 814 1848 schisma
830 1809 852 1847 et
869 1805 959 1849 timores
980 1807 1049 1849 eonti-

175 1891 247 1929 nuos3
265 1877 368 1931 dignetur
379 1876 402 1918 S,
416 1875 514 1929 Oongtio.
527 1875 643 1926 declarare,
663 1879 740 1917 utrum
758 1875 879 1917 Decretum
897 1876 957 1918 Trid.
970 1890 998 1919 ss.
1011 1877 1049 1927 24,

175 1963 222 2003 oap.
235 1950 256 1999 3,
268 1948 365 1990 Reform.
377 1946 496 2003 prohibens
507 1946 631 2001 Metropno.
648 1946 737 1988 visitare
755 1946 897 1988 Oathedrales
908 1946 1010 1998 Ecclias,
1028 1952 1050 1989 et

175 2018 287 2060 dioeceses
298 2015 519 2071 (lomprovincialium
530 2029 595 2057 causa
611 2029 655 2057 non
670 2015 733 2069 prius
744 2015 832 2069 cognita
843 2015 866 2056 in
879 2015 945 2058 Oonc.
957 2017 1047 2066 Prodi„

175 2088 306 2131 extendatur
316 2087 343 2129 ad
351 2086 454 2136 Ecclias„
467 2099 506 2127 seu
517 2085 628 2127 dioeceses
638 2088 748 2135 vacantes,
761 2088 783 2126 et
793 2085 889 2139 pastoris
900 2086 985 2128 scilicet
995 2086 1047 2140 Epi.

175 2159 254 2202 solatio
265 2157 391 2200 destitutas.

222 2231 265 2272 100·
281 2229 329 2284 Ego
340 2227 407 2270 etiam
417 2225 541 2281 praedictus
549 2225 616 2280 Hugo
624 2223 755 2280 Arehiepus.
763 2223 940 2277 Ardmoehanus,
950 2230 972 2268 et
979 2227 1049 2269 totius

175 2301 297 2344 Hiberniae
307 2300 392 2342 Primas
403 2296 515 2340 humiliter
525 2300 576 2351 peto
588 2310 600 2338 a
613 2295 635 2337 S.
649 2295 704 2337 Sede
712 2295 796 2351 Aplica.
808 2295 905 2351 delegari
915 2297 972 2339 mihi
981 2298 1048 2341 iacul-

174 2376 245 2414 tatem
263 2369 350 2412 creandi
367 2369 379 2410 5
398 2367 433 2410 vel
451 2366 464 2407 6
480 2365 659 2410 Prothonotarios
681 2366 779 2421 Aplicos.
802 2379 830 2407 ex
848 2366 1008 2419 selectioribus,
1028 2372 1050 2410 et

175 2442 369 2486 sufficientioribus
385 2437 517 2496 presbyteris
534 2437 560 2479 ad
575 2436 663 2493 publica
674 2438 757 2493 scripta
769 2437 948 2491 authenticanda,
960 2439 1049 2495 iidemq.

175 2514 332 2558 instrumentis
348 2511 477 2563 faciendam,
490 2510 548 2565 quod
565 2509 668 2560 dioecesi,
680 2512 703 2552 et
714 2503 792 2553 Provt·
810 2524 870 2554 urae.
888 2511 985 2566 apprime
996 2510 1050 2554 utile

175 2589 198 2628 et
209 2585 356 2628 necessarium
366 2583 448 2640 judico.
