<?xml version="1.0" encoding="UTF-8"?>
<!DOCTYPE html PUBLIC "-//W3C//DTD XHTML 1.0 Transitional//EN"
    "http://www.w3.org/TR/xhtml1/DTD/xhtml1-transitional.dtd">
<html xmlns="http://www.w3.org/1999/xhtml" xml:lang="en" lang="en">
 <head>
  <title>
</title>
<meta http-equiv="Content-Type" content="text/html;charset=utf-8" />
  <meta name='ocr-system' content='tesseract 3.04.00' />
  <meta name='ocr-capabilities' content='ocr_page ocr_carea ocr_par ocr_line ocrx_word'/>
</head>
<body>
  <div class='ocr_page' id='page_1' title='image "MN5019ucmf_0_0160.png"; bbox 0 0 2416 3337; ppageno 0'>
   <div class='ocr_carea' id='block_1_1' title="bbox 421 143 723 174">
    <p class='ocr_par' dir='ltr' id='par_1_1' title="bbox 421 143 723 174">
     <span class='ocr_line' id='line_1_1' title="bbox 421 143 723 174; baseline -0.007 0"><span class='ocrx_word' id='word_1_1' title='bbox 421 143 567 174; x_wconf 72' lang='lat' dir='ltr'>antemnarum</span> <span class='ocrx_word' id='word_1_2' title='bbox 582 143 723 174; x_wconf 78' lang='lat' dir='ltr'><strong>OSSORIENSE.</strong></span> 
     </span>
    </p>
   </div>
   <div class='ocr_carea' id='block_1_2' title="bbox 545 344 608 387">
    <p class='ocr_par' dir='ltr' id='par_1_2' title="bbox 545 344 608 387">
     <span class='ocr_line' id='line_1_2' title="bbox 545 344 608 387; baseline -0.016 0"><span class='ocrx_word' id='word_1_3' title='bbox 545 344 608 387; x_wconf 84' lang='lat' dir='ltr'>XXI.</span> 
     </span>
    </p>
   </div>
   <div class='ocr_carea' id='block_1_3' title="bbox 141 450 1011 502">
    <p class='ocr_par' dir='ltr' id='par_1_3' title="bbox 141 450 1011 502">
     <span class='ocr_line' id='line_1_3' title="bbox 141 450 1011 502; baseline -0.002 -10"><span class='ocrx_word' id='word_1_4' title='bbox 141 450 260 493; x_wconf 78' lang='lat' dir='ltr'>errnnnn</span> <span class='ocrx_word' id='word_1_5' title='bbox 275 451 458 494; x_wconf 81' lang='lat' dir='ltr'>Tnsrrnonrnuns</span> <span class='ocrx_word' id='word_1_6' title='bbox 469 450 560 494; x_wconf 76' lang='lat' dir='ltr'>Violnri</span> <span class='ocrx_word' id='word_1_7' title='bbox 572 451 631 494; x_wconf 82' lang='lat' dir='ltr'>Gan.</span> <span class='ocrx_word' id='word_1_8' title='bbox 644 450 814 502; x_wconf 80' lang='lat' dir='ltr'>Onssnunnnsrs,</span> <span class='ocrx_word' id='word_1_9' title='bbox 828 452 856 497; x_wconf 79' lang='grc'>17</span> <span class='ocrx_word' id='word_1_10' title='bbox 871 452 933 502; x_wconf 76' lang='lat' dir='ltr'>lun,</span> <span class='ocrx_word' id='word_1_11' title='bbox 947 450 1011 493; x_wconf 73' lang='grc'>1621.</span> 
     </span>
    </p>
   </div>
   <div class='ocr_carea' id='block_1_4' title="bbox 296 554 852 599">
    <p class='ocr_par' dir='ltr' id='par_1_4' title="bbox 296 554 852 599">
     <span class='ocr_line' id='line_1_4' title="bbox 296 554 852 599; baseline 0 -11"><span class='ocrx_word' id='word_1_12' title='bbox 296 555 357 599; x_wconf 81' lang='lat' dir='ltr'>(Fron</span> <span class='ocrx_word' id='word_1_13' title='bbox 369 564 406 588; x_wconf 77' lang='lat' dir='ltr'>rna</span> <span class='ocrx_word' id='word_1_14' title='bbox 420 555 515 588; x_wconf 70' lang='lat' dir='ltr'>Ancarius</span> <span class='ocrx_word' id='word_1_15' title='bbox 528 565 550 588; x_wconf 79' lang='lat' dir='ltr'>or</span> <span class='ocrx_word' id='word_1_16' title='bbox 563 564 600 588; x_wconf 82' lang='lat' dir='ltr'>run</span> <span class='ocrx_word' id='word_1_17' title='bbox 613 555 667 588; x_wconf 78' lang='lat' dir='ltr'>Iursu</span> <span class='ocrx_word' id='word_1_18' title='bbox 680 554 772 595; x_wconf 70' lang='lat' dir='ltr'>Coronen,</span> <span class='ocrx_word' id='word_1_19' title='bbox 785 555 852 597; x_wconf 77' lang='lat' dir='ltr'>Roma)</span> 
     </span>
    </p>
   </div>
   <div class='ocr_carea' id='block_1_5' title="bbox 138 647 1012 915">
    <p class='ocr_par' dir='ltr' id='par_1_5' title="bbox 138 647 1012 915">
     <span class='ocr_line' id='line_1_5' title="bbox 185 647 1010 706; baseline -0.006 -13"><span class='ocrx_word' id='word_1_20' title='bbox 185 649 217 693; x_wconf 90' lang='lat' dir='ltr'>Ut</span> <span class='ocrx_word' id='word_1_21' title='bbox 234 649 313 693; x_wconf 79' lang='lat' dir='ltr'>Sancta</span> <span class='ocrx_word' id='word_1_22' title='bbox 326 649 393 693; x_wconf 78' lang='lat' dir='ltr'>Sedes</span> <span class='ocrx_word' id='word_1_23' title='bbox 410 649 545 706; x_wconf 84' lang='lat' dir='ltr'>Apostolica,</span> <span class='ocrx_word' id='word_1_24' title='bbox 557 653 580 692; x_wconf 88' lang='lat' dir='ltr'>et</span> <span class='ocrx_word' id='word_1_25' title='bbox 596 649 640 701; x_wconf 89' lang='lat' dir='ltr'>alii,</span> <span class='ocrx_word' id='word_1_26' title='bbox 653 663 748 705; x_wconf 91' lang='lat' dir='ltr'>quorum</span> <span class='ocrx_word' id='word_1_27' title='bbox 764 649 865 700; x_wconf 88' lang='lat' dir='ltr'>interest,</span> <span class='ocrx_word' id='word_1_28' title='bbox 877 647 1010 703; x_wconf 86' lang='lat' dir='ltr'>intelligant,</span> 
     </span>
     <span class='ocr_line' id='line_1_6' title="bbox 139 717 1012 776; baseline -0.005 -14"><span class='ocrx_word' id='word_1_29' title='bbox 139 720 225 763; x_wconf 88' lang='lat' dir='ltr'>cultum</span> <span class='ocrx_word' id='word_1_30' title='bbox 244 720 286 764; x_wconf 87' lang='lat' dir='ltr'>Dei</span> <span class='ocrx_word' id='word_1_31' title='bbox 306 721 375 763; x_wconf 87' lang='lat' dir='ltr'>Matri</span> <span class='ocrx_word' id='word_1_32' title='bbox 396 721 495 763; x_wconf 89' lang='lat' dir='ltr'>debitum</span> <span class='ocrx_word' id='word_1_33' title='bbox 512 721 579 762; x_wconf 87' lang='lat' dir='ltr'>etiam</span> <span class='ocrx_word' id='word_1_34' title='bbox 598 721 656 762; x_wconf 87' lang='lat' dir='ltr'>inter</span> <span class='ocrx_word' id='word_1_35' title='bbox 673 720 854 776; x_wconf 68' lang='lat' dir='ltr'>persecutionum</span> <span class='ocrx_word' id='word_1_36' title='bbox 879 717 971 772; x_wconf 86' lang='lat' dir='ltr'>flagella,</span> <span class='ocrx_word' id='word_1_37' title='bbox 991 719 1012 758; x_wconf 91' lang='lat' dir='ltr'>et</span> 
     </span>
     <span class='ocr_line' id='line_1_7' title="bbox 138 785 1012 845; baseline -0.005 -13"><span class='ocrx_word' id='word_1_38' title='bbox 138 790 299 834; x_wconf 84' lang='lat' dir='ltr'>haereticorum</span> <span class='ocrx_word' id='word_1_39' title='bbox 309 791 410 842; x_wconf 74' lang='lat' dir='ltr'>insidias,</span> <span class='ocrx_word' id='word_1_40' title='bbox 421 805 466 833; x_wconf 87' lang='lat' dir='ltr'>non</span> <span class='ocrx_word' id='word_1_41' title='bbox 481 790 631 845; x_wconf 72' lang='lat' dir='ltr'>languescere,</span> <span class='ocrx_word' id='word_1_42' title='bbox 640 790 677 832; x_wconf 91' lang='lat' dir='ltr'>sed</span> <span class='ocrx_word' id='word_1_43' title='bbox 687 790 750 832; x_wconf 85' lang='lat' dir='ltr'>noris</span> <span class='ocrx_word' id='word_1_44' title='bbox 761 789 859 845; x_wconf 87' lang='lat' dir='ltr'>quotidie</span> <span class='ocrx_word' id='word_1_45' title='bbox 870 785 1012 831; x_wconf 72' lang='lat' dir='ltr'>incrementis</span> 
     </span>
     <span class='ocr_line' id='line_1_8' title="bbox 138 858 1011 915; baseline -0.003 -14"><span class='ocrx_word' id='word_1_46' title='bbox 138 860 236 902; x_wconf 86' lang='lat' dir='ltr'>roborari</span> <span class='ocrx_word' id='word_1_47' title='bbox 248 875 253 910; x_wconf 93' lang='grc'><strong>;</strong></span> <span class='ocrx_word' id='word_1_48' title='bbox 271 874 340 915; x_wconf 87' lang='lat' dir='ltr'>eoque</span> <span class='ocrx_word' id='word_1_49' title='bbox 350 864 470 915; x_wconf 85' lang='lat' dir='ltr'>perspecto,</span> <span class='ocrx_word' id='word_1_50' title='bbox 480 861 668 915; x_wconf 67' lang='lat' dir='ltr'>congregationes,</span> <span class='ocrx_word' id='word_1_51' title='bbox 679 860 854 902; x_wconf 81' lang='lat' dir='ltr'>lri&#39;sceterrarum</span> <span class='ocrx_word' id='word_1_52' title='bbox 866 861 889 902; x_wconf 91' lang='lat' dir='ltr'>in</span> <span class='ocrx_word' id='word_1_53' title='bbox 901 859 952 910; x_wconf 90' lang='lat' dir='ltr'>oris,</span> <span class='ocrx_word' id='word_1_54' title='bbox 963 858 1011 913; x_wconf 85' lang='lat' dir='ltr'>ejus</span> 
     </span>
    </p>
   </div>
   <div class='ocr_carea' id='block_1_6' title="bbox 75 927 1011 984">
    <p class='ocr_par' dir='ltr' id='par_1_6' title="bbox 75 927 1011 984">
     <span class='ocr_line' id='line_1_9' title="bbox 75 927 1011 984; baseline -0.003 -13"><span class='ocrx_word' id='word_1_55' title='bbox 75 944 77 946; x_wconf 90' lang='lat'>·</span> <span class='ocrx_word' id='word_1_56' title='bbox 138 929 232 971; x_wconf 86' lang='lat' dir='ltr'>Nemini</span> <span class='ocrx_word' id='word_1_57' title='bbox 246 929 336 979; x_wconf 85' lang='lat' dir='ltr'>dicatas,</span> <span class='ocrx_word' id='word_1_58' title='bbox 349 929 454 984; x_wconf 88' lang='lat' dir='ltr'>ampliore</span> <span class='ocrx_word' id='word_1_59' title='bbox 471 929 542 984; x_wconf 72' lang='lat' dir='ltr'>gratia</span> <span class='ocrx_word' id='word_1_60' title='bbox 558 933 579 970; x_wconf 91' lang='lat' dir='ltr'>et</span> <span class='ocrx_word' id='word_1_61' title='bbox 595 930 667 971; x_wconf 81' lang='lat' dir='ltr'>favore</span> <span class='ocrx_word' id='word_1_62' title='bbox 677 933 852 984; x_wconf 87' lang='lat' dir='ltr'>prosequantur;</span> <span class='ocrx_word' id='word_1_63' title='bbox 870 933 949 971; x_wconf 88' lang='lat' dir='ltr'>notum</span> <span class='ocrx_word' id='word_1_64' title='bbox 960 927 1011 969; x_wconf 83' lang='lat' dir='ltr'>faci-</span> 
     </span>
    </p>
   </div>
   <div class='ocr_carea' id='block_1_7' title="bbox 138 996 1013 2032">
    <p class='ocr_par' dir='ltr' id='par_1_7' title="bbox 138 996 1013 1881">
     <span class='ocr_line' id='line_1_10' title="bbox 139 996 1012 1057; baseline -0.005 -17"><span class='ocrx_word' id='word_1_65' title='bbox 139 1012 197 1051; x_wconf 87' lang='lat' dir='ltr'>mus,</span> <span class='ocrx_word' id='word_1_66' title='bbox 207 1013 232 1040; x_wconf 90' lang='lat' dir='ltr'>ac</span> <span class='ocrx_word' id='word_1_67' title='bbox 241 1002 352 1042; x_wconf 88' lang='lat' dir='ltr'>testamur</span> <span class='ocrx_word' id='word_1_68' title='bbox 362 1012 401 1054; x_wconf 92' lang='lat' dir='ltr'>per</span> <span class='ocrx_word' id='word_1_69' title='bbox 408 1002 543 1057; x_wconf 78' lang='lat' dir='ltr'>praesentes,</span> <span class='ocrx_word' id='word_1_70' title='bbox 553 998 730 1054; x_wconf 74' lang='lat' dir='ltr'>aggregationem</span> <span class='ocrx_word' id='word_1_71' title='bbox 741 999 765 1039; x_wconf 92' lang='lat' dir='ltr'>in</span> <span class='ocrx_word' id='word_1_72' title='bbox 771 998 812 1040; x_wconf 87' lang='lat' dir='ltr'>hac</span> <span class='ocrx_word' id='word_1_73' title='bbox 819 998 871 1040; x_wconf 88' lang='lat' dir='ltr'>sede</span> <span class='ocrx_word' id='word_1_74' title='bbox 880 996 1012 1046; x_wconf 81' lang='lat' dir='ltr'>Oasselcnsi,</span> 
     </span>
     <span class='ocr_line' id='line_1_11' title="bbox 140 1066 1013 1123; baseline -0.006 -12"><span class='ocrx_word' id='word_1_75' title='bbox 140 1069 181 1111; x_wconf 89' lang='lat' dir='ltr'>sub</span> <span class='ocrx_word' id='word_1_76' title='bbox 198 1068 281 1111; x_wconf 87' lang='lat' dir='ltr'>Beatae</span> <span class='ocrx_word' id='word_1_77' title='bbox 298 1068 399 1123; x_wconf 80' lang='lat' dir='ltr'>Virginis</span> <span class='ocrx_word' id='word_1_78' title='bbox 417 1068 547 1123; x_wconf 88' lang='lat' dir='ltr'>patrocinio,</span> <span class='ocrx_word' id='word_1_79' title='bbox 570 1071 591 1109; x_wconf 89' lang='lat' dir='ltr'>et</span> <span class='ocrx_word' id='word_1_80' title='bbox 613 1067 763 1110; x_wconf 82' lang='lat' dir='ltr'>moderamine</span> <span class='ocrx_word' id='word_1_81' title='bbox 783 1068 875 1110; x_wconf 81' lang='lat' dir='ltr'>Petrum</span> <span class='ocrx_word' id='word_1_82' title='bbox 898 1066 1013 1110; x_wconf 78' lang='lat' dir='ltr'>Societatis</span> 
     </span>
     <span class='ocr_line' id='line_1_12' title="bbox 138 1137 1012 1195; baseline -0.005 -14"><span class='ocrx_word' id='word_1_83' title='bbox 138 1139 193 1181; x_wconf 76' lang='lat' dir='ltr'>lesu</span> <span class='ocrx_word' id='word_1_84' title='bbox 210 1139 237 1181; x_wconf 90' lang='lat' dir='ltr'>ab</span> <span class='ocrx_word' id='word_1_85' title='bbox 259 1139 343 1195; x_wconf 85' lang='lat' dir='ltr'>aliquot</span> <span class='ocrx_word' id='word_1_86' title='bbox 363 1140 408 1180; x_wconf 88' lang='lat' dir='ltr'>iam</span> <span class='ocrx_word' id='word_1_87' title='bbox 428 1139 500 1190; x_wconf 89' lang='lat' dir='ltr'>annis,</span> <span class='ocrx_word' id='word_1_88' title='bbox 522 1138 629 1181; x_wconf 87' lang='lat' dir='ltr'>foeliciter</span> <span class='ocrx_word' id='word_1_89' title='bbox 648 1137 782 1191; x_wconf 82' lang='lat' dir='ltr'>inchoatam,</span> <span class='ocrx_word' id='word_1_90' title='bbox 800 1138 915 1190; x_wconf 85' lang='lat' dir='ltr'>Praelatis,</span> <span class='ocrx_word' id='word_1_91' title='bbox 939 1137 1012 1179; x_wconf 80' lang='lat' dir='ltr'>Sacer-</span> 
     </span>
     <span class='ocr_line' id='line_1_13' title="bbox 139 1208 1013 1266; baseline -0.002 -15"><span class='ocrx_word' id='word_1_92' title='bbox 139 1209 235 1263; x_wconf 85' lang='lat' dir='ltr'>dotibus,</span> <span class='ocrx_word' id='word_1_93' title='bbox 244 1214 266 1252; x_wconf 89' lang='lat' dir='ltr'>et</span> <span class='ocrx_word' id='word_1_94' title='bbox 278 1209 456 1252; x_wconf 83' lang='lat' dir='ltr'>honoratioribus</span> <span class='ocrx_word' id='word_1_95' title='bbox 467 1209 553 1252; x_wconf 85' lang='lat' dir='ltr'>civibus</span> <span class='ocrx_word' id='word_1_96' title='bbox 564 1213 678 1261; x_wconf 90' lang='lat' dir='ltr'>constare;</span> <span class='ocrx_word' id='word_1_97' title='bbox 696 1223 777 1266; x_wconf 88' lang='lat' dir='ltr'>eosque</span> <span class='ocrx_word' id='word_1_98' title='bbox 784 1223 828 1252; x_wconf 91' lang='lat' dir='ltr'>non</span> <span class='ocrx_word' id='word_1_99' title='bbox 839 1209 913 1253; x_wconf 90' lang='lat' dir='ltr'>solum</span> <span class='ocrx_word' id='word_1_100' title='bbox 920 1208 1013 1263; x_wconf 89' lang='lat' dir='ltr'>diligen-</span> 
     </span>
     <span class='ocr_line' id='line_1_14' title="bbox 138 1279 1012 1335; baseline -0.002 -13"><span class='ocrx_word' id='word_1_101' title='bbox 138 1284 172 1323; x_wconf 90' lang='lat' dir='ltr'>tes</span> <span class='ocrx_word' id='word_1_102' title='bbox 191 1294 239 1324; x_wconf 88' lang='lat' dir='ltr'>esse</span> <span class='ocrx_word' id='word_1_103' title='bbox 257 1295 347 1324; x_wconf 87' lang='lat' dir='ltr'>suarum</span> <span class='ocrx_word' id='word_1_104' title='bbox 366 1280 493 1335; x_wconf 86' lang='lat' dir='ltr'>regularum</span> <span class='ocrx_word' id='word_1_105' title='bbox 512 1279 670 1331; x_wconf 79' lang='lat' dir='ltr'>observatores,</span> <span class='ocrx_word' id='word_1_106' title='bbox 689 1279 728 1322; x_wconf 90' lang='lat' dir='ltr'>sed</span> <span class='ocrx_word' id='word_1_107' title='bbox 746 1280 802 1323; x_wconf 88' lang='lat' dir='ltr'>alios</span> <span class='ocrx_word' id='word_1_108' title='bbox 819 1281 887 1323; x_wconf 86' lang='lat' dir='ltr'>etiam</span> <span class='ocrx_word' id='word_1_109' title='bbox 904 1280 1012 1323; x_wconf 88' lang='lat' dir='ltr'>bonorum</span> 
     </span>
     <span class='ocr_line' id='line_1_15' title="bbox 139 1348 1011 1406; baseline -0.002 -14"><span class='ocrx_word' id='word_1_110' title='bbox 139 1350 289 1406; x_wconf 76' lang='lat' dir='ltr'>exemplorum</span> <span class='ocrx_word' id='word_1_111' title='bbox 305 1349 410 1405; x_wconf 78' lang='lat' dir='ltr'>igniculis</span> <span class='ocrx_word' id='word_1_112' title='bbox 422 1350 449 1391; x_wconf 86' lang='lat' dir='ltr'>ad</span> <span class='ocrx_word' id='word_1_113' title='bbox 463 1349 571 1405; x_wconf 87' lang='lat' dir='ltr'>pietatem</span> <span class='ocrx_word' id='word_1_114' title='bbox 588 1349 711 1400; x_wconf 87' lang='lat' dir='ltr'>accendere,</span> <span class='ocrx_word' id='word_1_115' title='bbox 724 1353 746 1391; x_wconf 89' lang='lat' dir='ltr'>et</span> <span class='ocrx_word' id='word_1_116' title='bbox 765 1350 848 1393; x_wconf 87' lang='lat' dir='ltr'>sensim</span> <span class='ocrx_word' id='word_1_117' title='bbox 865 1349 967 1406; x_wconf 86' lang='lat' dir='ltr'>pellicere</span> <span class='ocrx_word' id='word_1_118' title='bbox 984 1348 1011 1391; x_wconf 89' lang='lat' dir='ltr'>ad</span> 
     </span>
     <span class='ocr_line' id='line_1_16' title="bbox 140 1418 1011 1476; baseline 0.001 -15"><span class='ocrx_word' id='word_1_119' title='bbox 140 1419 298 1461; x_wconf 84' lang='lat' dir='ltr'>Sanctissimae</span> <span class='ocrx_word' id='word_1_120' title='bbox 317 1418 399 1461; x_wconf 81' lang='lat' dir='ltr'>Matris</span> <span class='ocrx_word' id='word_1_121' title='bbox 415 1418 547 1460; x_wconf 87' lang='lat' dir='ltr'>clientelam.</span> <span class='ocrx_word' id='word_1_122' title='bbox 580 1419 628 1470; x_wconf 76' lang='lat' dir='ltr'>Quo</span> <span class='ocrx_word' id='word_1_123' title='bbox 644 1419 669 1461; x_wconf 82' lang='lat' dir='ltr'>lit</span> <span class='ocrx_word' id='word_1_124' title='bbox 685 1423 710 1461; x_wconf 89' lang='lat' dir='ltr'>ut</span> <span class='ocrx_word' id='word_1_125' title='bbox 727 1419 875 1471; x_wconf 79' lang='lat' dir='ltr'>Sacramenta,</span> <span class='ocrx_word' id='word_1_126' title='bbox 893 1419 951 1476; x_wconf 90' lang='lat' dir='ltr'>apud</span> <span class='ocrx_word' id='word_1_127' title='bbox 969 1432 1011 1462; x_wconf 82' lang='lat' dir='ltr'>nos</span> 
     </span>
     <span class='ocr_line' id='line_1_17' title="bbox 140 1486 1010 1545; baseline 0.002 -15"><span class='ocrx_word' id='word_1_128' title='bbox 140 1488 293 1531; x_wconf 79' lang='lat' dir='ltr'>Confessionis</span> <span class='ocrx_word' id='word_1_129' title='bbox 312 1491 335 1529; x_wconf 89' lang='lat' dir='ltr'>et</span> <span class='ocrx_word' id='word_1_130' title='bbox 344 1486 482 1530; x_wconf 85' lang='lat' dir='ltr'>Venerabilis</span> <span class='ocrx_word' id='word_1_131' title='bbox 498 1487 654 1531; x_wconf 80' lang='lat' dir='ltr'>Eucharistiae</span> <span class='ocrx_word' id='word_1_132' title='bbox 670 1490 837 1544; x_wconf 79' lang='lat' dir='ltr'>frequententur</span> <span class='ocrx_word' id='word_1_133' title='bbox 852 1489 897 1531; x_wconf 90' lang='lat' dir='ltr'>iam</span> <span class='ocrx_word' id='word_1_134' title='bbox 914 1490 1010 1545; x_wconf 87' lang='lat' dir='ltr'>saepius,</span> 
     </span>
     <span class='ocr_line' id='line_1_18' title="bbox 139 1556 1012 1614; baseline 0.001 -14"><span class='ocrx_word' id='word_1_135' title='bbox 139 1573 213 1614; x_wconf 89' lang='lat' dir='ltr'>quam,</span> <span class='ocrx_word' id='word_1_136' title='bbox 226 1562 302 1601; x_wconf 88' lang='lat' dir='ltr'>nostra</span> <span class='ocrx_word' id='word_1_137' title='bbox 313 1557 404 1613; x_wconf 88' lang='lat' dir='ltr'>quidem</span> <span class='ocrx_word' id='word_1_138' title='bbox 415 1556 528 1608; x_wconf 73' lang='lat' dir='ltr'>memoria,</span> <span class='ocrx_word' id='word_1_139' title='bbox 540 1558 649 1600; x_wconf 86' lang='lat' dir='ltr'>hactenus</span> <span class='ocrx_word' id='word_1_140' title='bbox 665 1572 764 1614; x_wconf 87' lang='lat' dir='ltr'>unquam</span> <span class='ocrx_word' id='word_1_141' title='bbox 776 1573 781 1609; x_wconf 93' lang='lat'>;</span> <span class='ocrx_word' id='word_1_142' title='bbox 798 1573 841 1614; x_wconf 80' lang='lat' dir='ltr'>pan</span> <span class='ocrx_word' id='word_1_143' title='bbox 856 1558 915 1601; x_wconf 88' lang='lat' dir='ltr'>inter</span> <span class='ocrx_word' id='word_1_144' title='bbox 931 1560 1012 1601; x_wconf 88' lang='lat' dir='ltr'>amicos</span> 
     </span>
     <span class='ocr_line' id='line_1_19' title="bbox 139 1627 1013 1684; baseline 0.002 -15"><span class='ocrx_word' id='word_1_145' title='bbox 139 1629 245 1680; x_wconf 82' lang='lat' dir='ltr'>foveatur,</span> <span class='ocrx_word' id='word_1_146' title='bbox 255 1628 314 1670; x_wconf 86' lang='lat' dir='ltr'>inter</span> <span class='ocrx_word' id='word_1_147' title='bbox 324 1627 459 1670; x_wconf 83' lang='lat' dir='ltr'>dissidentes</span> <span class='ocrx_word' id='word_1_148' title='bbox 470 1627 529 1669; x_wconf 88' lang='lat' dir='ltr'>laeta</span> <span class='ocrx_word' id='word_1_149' title='bbox 539 1632 660 1683; x_wconf 82' lang='lat' dir='ltr'>reparetur,</span> <span class='ocrx_word' id='word_1_150' title='bbox 672 1642 779 1684; x_wconf 79' lang='lat' dir='ltr'>pauperes</span> <span class='ocrx_word' id='word_1_151' title='bbox 791 1632 813 1670; x_wconf 86' lang='lat' dir='ltr'>ct</span> <span class='ocrx_word' id='word_1_152' title='bbox 823 1628 931 1671; x_wconf 84' lang='lat' dir='ltr'>asservati</span> <span class='ocrx_word' id='word_1_153' title='bbox 941 1632 1013 1671; x_wconf 90' lang='lat' dir='ltr'>custo·</span> 
     </span>
     <span class='ocr_line' id='line_1_20' title="bbox 139 1698 1012 1756; baseline 0 -15"><span class='ocrx_word' id='word_1_154' title='bbox 139 1699 182 1741; x_wconf 87' lang='lat' dir='ltr'>diis</span> <span class='ocrx_word' id='word_1_155' title='bbox 194 1698 344 1750; x_wconf 85' lang='lat' dir='ltr'>subleventur,</span> <span class='ocrx_word' id='word_1_156' title='bbox 358 1698 474 1740; x_wconf 88' lang='lat' dir='ltr'>animabus</span> <span class='ocrx_word' id='word_1_157' title='bbox 485 1698 648 1749; x_wconf 84' lang='lat' dir='ltr'>defunctorum,</span> <span class='ocrx_word' id='word_1_158' title='bbox 659 1699 766 1754; x_wconf 82' lang='lat' dir='ltr'>peculiari</span> <span class='ocrx_word' id='word_1_159' title='bbox 782 1699 863 1749; x_wconf 88' lang='lat' dir='ltr'>studio,</span> <span class='ocrx_word' id='word_1_160' title='bbox 875 1703 1012 1756; x_wconf 85' lang='lat' dir='ltr'>parentetur,</span> 
     </span>
     <span class='ocr_line' id='line_1_21' title="bbox 139 1759 1013 1827; baseline 0.002 -17"><span class='ocrx_word' id='word_1_161' title='bbox 139 1772 161 1810; x_wconf 92' lang='lat' dir='ltr'>et</span> <span class='ocrx_word' id='word_1_162' title='bbox 171 1769 214 1810; x_wconf 89' lang='lat' dir='ltr'>alia</span> <span class='ocrx_word' id='word_1_163' title='bbox 225 1768 248 1810; x_wconf 88' lang='lat' dir='ltr'>id</span> <span class='ocrx_word' id='word_1_164' title='bbox 259 1783 330 1824; x_wconf 84' lang='lat' dir='ltr'>genus</span> <span class='ocrx_word' id='word_1_165' title='bbox 339 1769 429 1825; x_wconf 89' lang='lat' dir='ltr'>pietatis</span> <span class='ocrx_word' id='word_1_166' title='bbox 441 1768 510 1811; x_wconf 86' lang='lat' dir='ltr'>officia</span> <span class='ocrx_word' id='word_1_167' title='bbox 522 1783 534 1810; x_wconf 87' lang='lat' dir='ltr'>a</span> <span class='ocrx_word' id='word_1_168' title='bbox 545 1768 666 1820; x_wconf 87' lang='lat' dir='ltr'>sodalibus,</span> <span class='ocrx_word' id='word_1_169' title='bbox 677 1772 698 1811; x_wconf 87' lang='lat' dir='ltr'>et</span> <span class='ocrx_word' id='word_1_170' title='bbox 708 1783 786 1813; x_wconf 89' lang='lat' dir='ltr'>eorum</span> <span class='ocrx_word' id='word_1_171' title='bbox 793 1770 918 1827; x_wconf 88' lang='lat' dir='ltr'>imitatione</span> <span class='ocrx_word' id='word_1_172' title='bbox 929 1770 955 1813; x_wconf 90' lang='lat' dir='ltr'>ab</span> <span class='ocrx_word' id='word_1_173' title='bbox 964 1759 1013 1812; x_wconf 87' lang='lat' dir='ltr'>aliis</span> 
     </span>
     <span class='ocr_line' id='line_1_22' title="bbox 139 1839 252 1881; baseline -0.009 -1"><span class='ocrx_word' id='word_1_174' title='bbox 139 1839 252 1881; x_wconf 81' lang='lat' dir='ltr'>obeantur.</span> 
     </span>
    </p>

    <p class='ocr_par' dir='ltr' id='par_1_8' title="bbox 139 1908 1012 2032">
     <span class='ocr_line' id='line_1_23' title="bbox 183 1908 1012 1968; baseline 0.002 -17"><span class='ocrx_word' id='word_1_175' title='bbox 183 1909 211 1951; x_wconf 82' lang='lat' dir='ltr'>ln</span> <span class='ocrx_word' id='word_1_176' title='bbox 221 1923 315 1965; x_wconf 90' lang='lat' dir='ltr'>quorum</span> <span class='ocrx_word' id='word_1_177' title='bbox 323 1908 390 1952; x_wconf 87' lang='lat' dir='ltr'>fidem</span> <span class='ocrx_word' id='word_1_178' title='bbox 399 1924 424 1952; x_wconf 90' lang='lat' dir='ltr'>ac</span> <span class='ocrx_word' id='word_1_179' title='bbox 432 1909 586 1952; x_wconf 87' lang='lat' dir='ltr'>testimonium</span> <span class='ocrx_word' id='word_1_180' title='bbox 595 1910 638 1964; x_wconf 23' lang='lat' dir='ltr'>has·</span> <span class='ocrx_word' id='word_1_181' title='bbox 643 1924 710 1953; x_wconf 86' lang='lat' dir='ltr'>manu</span> <span class='ocrx_word' id='word_1_182' title='bbox 719 1915 796 1954; x_wconf 89' lang='lat' dir='ltr'>nostra</span> <span class='ocrx_word' id='word_1_183' title='bbox 803 1916 824 1955; x_wconf 90' lang='lat' dir='ltr'>et</span> <span class='ocrx_word' id='word_1_184' title='bbox 832 1911 906 1968; x_wconf 90' lang='lat' dir='ltr'>sigillo</span> <span class='ocrx_word' id='word_1_185' title='bbox 914 1911 1012 1954; x_wconf 87' lang='lat' dir='ltr'>munitas</span> 
     </span>
     <span class='ocr_line' id='line_1_24' title="bbox 139 1979 747 2032; baseline 0.003 -11"><span class='ocrx_word' id='word_1_186' title='bbox 139 1979 248 2032; x_wconf 88' lang='lat' dir='ltr'>dedimus,</span> <span class='ocrx_word' id='word_1_187' title='bbox 262 1980 381 2023; x_wconf 80' lang='lat' dir='ltr'>Oasselliae</span> <span class='ocrx_word' id='word_1_188' title='bbox 391 1981 415 2022; x_wconf 88' lang='lat' dir='ltr'>in</span> <span class='ocrx_word' id='word_1_189' title='bbox 426 1980 535 2022; x_wconf 88' lang='lat' dir='ltr'>Hibernia</span> <span class='ocrx_word' id='word_1_190' title='bbox 550 1981 668 2032; x_wconf 67' lang='lat'>2701111111,</span> <span class='ocrx_word' id='word_1_191' title='bbox 681 1982 747 2023; x_wconf 77' lang='lat' dir='ltr'>roal.</span> 
     </span>
    </p>
   </div>
   <div class='ocr_carea' id='block_1_8' title="bbox 343 2061 979 2112">
    <p class='ocr_par' dir='ltr' id='par_1_9' title="bbox 343 2061 979 2112">
     <span class='ocr_line' id='line_1_25' title="bbox 343 2061 979 2112; baseline 0.005 -9"><span class='ocrx_word' id='word_1_192' title='bbox 343 2062 433 2103; x_wconf 79' lang='lat' dir='ltr'>Danrnu</span> <span class='ocrx_word' id='word_1_193' title='bbox 451 2061 587 2112; x_wconf 81' lang='lat' dir='ltr'>Knnnnnrn,</span> <span class='ocrx_word' id='word_1_194' title='bbox 599 2063 702 2104; x_wconf 86' lang='lat' dir='ltr'>Decanns</span> <span class='ocrx_word' id='word_1_195' title='bbox 712 2066 734 2104; x_wconf 87' lang='lat' dir='ltr'>et</span> <span class='ocrx_word' id='word_1_196' title='bbox 745 2062 846 2106; x_wconf 88' lang='lat' dir='ltr'>Vicarius</span> <span class='ocrx_word' id='word_1_197' title='bbox 862 2064 979 2107; x_wconf 77' lang='lat' dir='ltr'>Generalis</span> 
     </span>
    </p>
   </div>
   <div class='ocr_carea' id='block_1_9' title="bbox 401 2140 925 2201">
    <p class='ocr_par' dir='ltr' id='par_1_10' title="bbox 401 2140 925 2201">
     <span class='ocr_line' id='line_1_26' title="bbox 401 2140 925 2201; baseline 0.008 -16"><span class='ocrx_word' id='word_1_198' title='bbox 401 2140 548 2186; x_wconf 77' lang='lat' dir='ltr'>Cassellensis</span> <span class='ocrx_word' id='word_1_199' title='bbox 559 2157 584 2185; x_wconf 89' lang='lat' dir='ltr'>ac</span> <span class='ocrx_word' id='word_1_200' title='bbox 598 2143 765 2187; x_wconf 87' lang='lat' dir='ltr'>Protonotarius</span> <span class='ocrx_word' id='word_1_201' title='bbox 775 2144 925 2201; x_wconf 83' lang='lat' dir='ltr'>Apostolicus.</span> 
     </span>
    </p>
   </div>
   <div class='ocr_carea' id='block_1_10' title="bbox 438 2329 701 2336">
    <p class='ocr_par' dir='ltr' id='par_1_11' title="bbox 438 2329 701 2336">
     <span class='ocr_line' id='line_1_27' title="bbox 438 2329 701 2336; baseline 0.008 -2"><span class='ocrx_word' id='word_1_202' title='bbox 438 2329 701 2336; x_wconf 54' lang='grc' dir='ltr'>Μ-</span> 
     </span>
    </p>
   </div>
   <div class='ocr_carea' id='block_1_11' title="bbox 138 2558 1009 2685">
    <p class='ocr_par' dir='ltr' id='par_1_12' title="bbox 138 2558 1009 2685">
     <span class='ocr_line' id='line_1_28' title="bbox 138 2558 1009 2607; baseline 0.007 -6"><span class='ocrx_word' id='word_1_203' title='bbox 138 2558 212 2602; x_wconf 80' lang='lat' dir='ltr'>Brunr</span> <span class='ocrx_word' id='word_1_204' title='bbox 223 2572 251 2602; x_wconf 85' lang='lat' dir='ltr'>on</span> <span class='ocrx_word' id='word_1_205' title='bbox 262 2560 322 2602; x_wconf 86' lang='lat' dir='ltr'>Porn</span> <span class='ocrx_word' id='word_1_206' title='bbox 338 2559 448 2602; x_wconf 68' lang='lat' dir='ltr'>sansoni</span> <span class='ocrx_word' id='word_1_207' title='bbox 458 2559 508 2602; x_wconf 87' lang='lat' dir='ltr'>XV.</span> <span class='ocrx_word' id='word_1_208' title='bbox 520 2572 655 2604; x_wconf 77' lang='lat' dir='ltr'>arrornrnro</span> <span class='ocrx_word' id='word_1_209' title='bbox 670 2562 727 2605; x_wconf 84' lang='lat' dir='ltr'>Rnr.</span> <span class='ocrx_word' id='word_1_210' title='bbox 744 2563 805 2606; x_wconf 73' lang='lat' dir='ltr'>dour</span> <span class='ocrx_word' id='word_1_211' title='bbox 820 2563 929 2607; x_wconf 74' lang='lat' dir='ltr'>Gnrrnnr</span> <span class='ocrx_word' id='word_1_212' title='bbox 939 2563 1009 2607; x_wconf 68' lang='lat' dir='ltr'>Viciu</span> 
     </span>
     <span class='ocr_line' id='line_1_29' title="bbox 314 2631 835 2685; baseline 0.006 -11"><span class='ocrx_word' id='word_1_213' title='bbox 314 2631 441 2675; x_wconf 82' lang='lat' dir='ltr'>Arosronre</span> <span class='ocrx_word' id='word_1_214' title='bbox 452 2645 479 2674; x_wconf 85' lang='lat' dir='ltr'>or</span> <span class='ocrx_word' id='word_1_215' title='bbox 490 2631 596 2683; x_wconf 72' lang='lat' dir='ltr'>Annaea,</span> <span class='ocrx_word' id='word_1_216' title='bbox 607 2632 711 2683; x_wconf 72' lang='lat' dir='ltr'>Jnnmsnr</span> <span class='ocrx_word' id='word_1_217' title='bbox 723 2635 758 2685; x_wconf 82' lang='lat'>14,</span> <span class='ocrx_word' id='word_1_218' title='bbox 772 2635 835 2677; x_wconf 71' lang='grc'>1622.</span> 
     </span>
    </p>
   </div>
   <div class='ocr_carea' id='block_1_12' title="bbox 354 2719 782 2763">
    <p class='ocr_par' dir='ltr' id='par_1_13' title="bbox 354 2719 782 2763">
     <span class='ocr_line' id='line_1_30' title="bbox 354 2719 782 2763; baseline 0.007 -11"><span class='ocrx_word' id='word_1_219' title='bbox 354 2719 418 2762; x_wconf 78' lang='lat' dir='ltr'>(Fron</span> <span class='ocrx_word' id='word_1_220' title='bbox 430 2730 466 2753; x_wconf 78' lang='lat' dir='ltr'>ran</span> <span class='ocrx_word' id='word_1_221' title='bbox 477 2720 595 2754; x_wconf 78' lang='lat' dir='ltr'>Saonsrnnm</span> <span class='ocrx_word' id='word_1_222' title='bbox 606 2721 698 2761; x_wconf 82' lang='lat' dir='ltr'>Bnnvrurr,</span> <span class='ocrx_word' id='word_1_223' title='bbox 711 2722 782 2763; x_wconf 77' lang='lat' dir='ltr'>Roma)</span> 
     </span>
    </p>
   </div>
   <div class='ocr_carea' id='block_1_13' title="bbox 140 2800 1010 3012">
    <p class='ocr_par' dir='ltr' id='par_1_14' title="bbox 140 2800 1010 3012">
     <span class='ocr_line' id='line_1_31' title="bbox 140 2800 1008 2844; baseline 0.006 -12"><span class='ocrx_word' id='word_1_224' title='bbox 140 2800 190 2840; x_wconf 71' lang='lat' dir='ltr'>[Res.</span> <span class='ocrx_word' id='word_1_225' title='bbox 200 2802 249 2834; x_wconf 80' lang='lat' dir='ltr'>John</span> <span class='ocrx_word' id='word_1_226' title='bbox 259 2802 334 2844; x_wconf 76' lang='lat' dir='ltr'>Gaffney</span> <span class='ocrx_word' id='word_1_227' title='bbox 343 2812 377 2835; x_wconf 61' lang='lat' dir='ltr'>uras</span> <span class='ocrx_word' id='word_1_228' title='bbox 386 2801 482 2844; x_wconf 84' lang='lat' dir='ltr'>appointed</span> <span class='ocrx_word' id='word_1_229' title='bbox 490 2802 631 2835; x_wconf 67' lang='lat' dir='ltr'>vicar-(tenerur</span> <span class='ocrx_word' id='word_1_230' title='bbox 639 2802 660 2835; x_wconf 85' lang='lat' dir='ltr'>of</span> <span class='ocrx_word' id='word_1_231' title='bbox 670 2803 701 2835; x_wconf 92' lang='lat' dir='ltr'>the</span> <span class='ocrx_word' id='word_1_232' title='bbox 709 2802 785 2836; x_wconf 85' lang='lat' dir='ltr'>Diocese</span> <span class='ocrx_word' id='word_1_233' title='bbox 794 2805 813 2836; x_wconf 82' lang='lat' dir='ltr'>of</span> <span class='ocrx_word' id='word_1_234' title='bbox 821 2803 893 2844; x_wconf 76' lang='lat' dir='ltr'>trdagh</span> <span class='ocrx_word' id='word_1_235' title='bbox 900 2802 919 2834; x_wconf 91' lang='lat' dir='ltr'>in</span> <span class='ocrx_word' id='word_1_236' title='bbox 928 2802 958 2836; x_wconf 86' lang='lat' dir='ltr'>the</span> <span class='ocrx_word' id='word_1_237' title='bbox 966 2813 1008 2843; x_wconf 77' lang='lat' dir='ltr'>year</span> 
     </span>
     <span class='ocr_line' id='line_1_32' title="bbox 183 2856 1008 2902; baseline 0.005 -14"><span class='ocrx_word' id='word_1_238' title='bbox 183 2856 233 2889; x_wconf 71' lang='lat'>1597.</span> <span class='ocrx_word' id='word_1_239' title='bbox 260 2858 318 2900; x_wconf 83' lang='lat' dir='ltr'>Being</span> <span class='ocrx_word' id='word_1_240' title='bbox 332 2858 417 2900; x_wconf 79' lang='lat' dir='ltr'>specially</span> <span class='ocrx_word' id='word_1_241' title='bbox 432 2858 547 2892; x_wconf 82' lang='lat' dir='ltr'>commended</span> <span class='ocrx_word' id='word_1_242' title='bbox 560 2862 579 2891; x_wconf 87' lang='lat' dir='ltr'>to</span> <span class='ocrx_word' id='word_1_243' title='bbox 593 2859 625 2892; x_wconf 83' lang='lat' dir='ltr'>tlre</span> <span class='ocrx_word' id='word_1_244' title='bbox 640 2859 688 2901; x_wconf 84' lang='lat' dir='ltr'>Holy</span> <span class='ocrx_word' id='word_1_245' title='bbox 702 2860 735 2892; x_wconf 82' lang='lat' dir='ltr'>See</span> <span class='ocrx_word' id='word_1_246' title='bbox 748 2860 776 2892; x_wconf 82' lang='lat' dir='ltr'>for</span> <span class='ocrx_word' id='word_1_247' title='bbox 787 2860 815 2892; x_wconf 89' lang='lat' dir='ltr'>his</span> <span class='ocrx_word' id='word_1_248' title='bbox 827 2860 865 2891; x_wconf 84' lang='lat' dir='ltr'>zeul</span> <span class='ocrx_word' id='word_1_249' title='bbox 880 2859 915 2891; x_wconf 86' lang='lat' dir='ltr'>and</span> <span class='ocrx_word' id='word_1_250' title='bbox 926 2859 1008 2902; x_wconf 82' lang='lat' dir='ltr'>untiring</span> 
     </span>
     <span class='ocr_line' id='line_1_33' title="bbox 183 2910 1009 2956; baseline 0.008 -14"><span class='ocrx_word' id='word_1_251' title='bbox 183 2910 300 2945; x_wconf 80' lang='lat' dir='ltr'>devotedness</span> <span class='ocrx_word' id='word_1_252' title='bbox 307 2913 327 2945; x_wconf 84' lang='lat' dir='ltr'>in</span> <span class='ocrx_word' id='word_1_253' title='bbox 336 2914 452 2956; x_wconf 82' lang='lat' dir='ltr'>ministering</span> <span class='ocrx_word' id='word_1_254' title='bbox 459 2917 478 2947; x_wconf 86' lang='lat' dir='ltr'>to</span> <span class='ocrx_word' id='word_1_255' title='bbox 486 2914 518 2947; x_wconf 85' lang='lat' dir='ltr'>the</span> <span class='ocrx_word' id='word_1_256' title='bbox 527 2914 611 2956; x_wconf 83' lang='lat' dir='ltr'>spiritual</span> <span class='ocrx_word' id='word_1_257' title='bbox 618 2918 675 2948; x_wconf 83' lang='lat' dir='ltr'>wants</span> <span class='ocrx_word' id='word_1_258' title='bbox 684 2916 703 2947; x_wconf 83' lang='lat' dir='ltr'>of</span> <span class='ocrx_word' id='word_1_259' title='bbox 712 2915 743 2947; x_wconf 88' lang='lat' dir='ltr'>the</span> <span class='ocrx_word' id='word_1_260' title='bbox 750 2915 828 2953; x_wconf 79' lang='lat' dir='ltr'>faithful,</span> <span class='ocrx_word' id='word_1_261' title='bbox 836 2914 860 2947; x_wconf 83' lang='lat' dir='ltr'>lie</span> <span class='ocrx_word' id='word_1_262' title='bbox 867 2923 903 2947; x_wconf 81' lang='lat' dir='ltr'>was</span> <span class='ocrx_word' id='word_1_263' title='bbox 911 2914 1009 2956; x_wconf 84' lang='lat' dir='ltr'>appointed</span> 
     </span>
     <span class='ocr_line' id='line_1_34' title="bbox 183 2966 1010 3012; baseline 0.011 -14"><span class='ocrx_word' id='word_1_264' title='bbox 183 2966 236 2999; x_wconf 83' lang='lat' dir='ltr'>Vicar</span> <span class='ocrx_word' id='word_1_265' title='bbox 244 2967 336 3008; x_wconf 81' lang='lat' dir='ltr'>Apostolic</span> <span class='ocrx_word' id='word_1_266' title='bbox 345 2979 368 3001; x_wconf 87' lang='lat' dir='ltr'>on</span> <span class='ocrx_word' id='word_1_267' title='bbox 376 2970 408 3002; x_wconf 82' lang='lat' dir='ltr'>the</span> <span class='ocrx_word' id='word_1_268' title='bbox 417 2970 459 3003; x_wconf 88' lang='lat' dir='ltr'>11th</span> <span class='ocrx_word' id='word_1_269' title='bbox 468 2971 489 3003; x_wconf 78' lang='lat' dir='ltr'>ot</span> <span class='ocrx_word' id='word_1_270' title='bbox 494 2971 563 3009; x_wconf 78' lang='lat' dir='ltr'>March,</span> <span class='ocrx_word' id='word_1_271' title='bbox 573 2971 623 3012; x_wconf 79' lang='lat' dir='ltr'>tear,</span> <span class='ocrx_word' id='word_1_272' title='bbox 633 2972 667 3003; x_wconf 87' lang='lat' dir='ltr'>bnt</span> <span class='ocrx_word' id='word_1_273' title='bbox 674 2971 705 3004; x_wconf 87' lang='lat' dir='ltr'>the</span> <span class='ocrx_word' id='word_1_274' title='bbox 712 2970 764 3003; x_wconf 77' lang='lat' dir='ltr'>Bnef</span> <span class='ocrx_word' id='word_1_275' title='bbox 769 2969 789 3002; x_wconf 81' lang='lat' dir='ltr'>of</span> <span class='ocrx_word' id='word_1_276' title='bbox 798 2969 827 3003; x_wconf 83' lang='lat' dir='ltr'>his</span> <span class='ocrx_word' id='word_1_277' title='bbox 839 2970 966 3012; x_wconf 86' lang='lat' dir='ltr'>appointment</span> <span class='ocrx_word' id='word_1_278' title='bbox 975 2984 1010 3007; x_wconf 79' lang='lat' dir='ltr'>uas</span> 
     </span>
    </p>
   </div>
   <div class='ocr_carea' id='block_1_14' title="bbox 910 3043 925 3069">
    <p class='ocr_par' dir='ltr' id='par_1_15' title="bbox 910 3043 925 3069">
     <span class='ocr_line' id='line_1_35' title="bbox 910 3043 925 3069; baseline 0 0"><span class='ocrx_word' id='word_1_279' title='bbox 910 3043 925 3069; x_wconf 83' lang='lat' dir='ltr'><strong>K</strong></span> 
     </span>
    </p>
   </div>
   <div class='ocr_carea' id='block_1_15' title="bbox 0 0 1212 3337">
    <p class='ocr_par' dir='ltr' id='par_1_16' title="bbox 0 0 1212 3337">
     <span class='ocr_line' id='line_1_36' title="bbox 0 0 1212 3337; baseline 0 0"><span class='ocrx_word' id='word_1_280' title='bbox 0 0 1212 3337; x_wconf 95' lang='lat' dir='ltr'> </span> 
     </span>
    </p>
   </div>
  </div>
 </body>
</html>
