2416 3337
199 171 228 212 60
453 231 455 235 ‚
482 182 626 214 srrcrnncnur
642 183 785 215 osseamusn.

199 330 290 373 diversis
307 331 402 382 scismis,
416 331 525 374 erroribus
539 335 561 374 et
575 331 709 385 haeresibus,
721 331 830 375 instabilis
842 334 864 374 et
874 331 983 387 inquietae
1000 332 1071 373 sectae

199 405 222 442 et
233 402 330 444 nationis
342 402 414 458 Regni
425 402 525 458 Angliae,
535 403 577 445 Dei
588 407 662 445 tamen
670 403 809 445 clementiam
815 406 888 445 totum
896 402 956 445 hunc
964 401 1071 457 populum

199 472 289 515 firmum
301 476 322 514 et
335 473 436 516 stabilem
447 487 545 516 servasse
555 474 578 515 in
589 472 632 515 fide
647 474 760 516 Catholica
776 473 900 516 obedientia
917 476 938 515 et
955 472 1071 515 devotione

200 542 265 584 solita
276 546 298 585 et
304 543 425 598 inspirasse
436 557 464 585 nc
475 542 566 598 objectis
579 543 687 585 erroribus
699 544 867 599 acquiescerent.

248 613 322 655 Sciant
331 627 417 669 quoque
429 614 473 655 Sua
486 613 596 655 Sanctitas
607 616 628 654 et
639 613 752 655 Catholica
763 613 869 668 Majestas
886 626 973 654 omnem
989 612 1068 655 nobili·

200 685 270 724 tatem
281 684 452 738 universumque
462 683 569 738 populum
580 683 645 724 istius
661 682 733 737 Regni
749 696 808 723 more
825 681 889 723 solito
901 680 1003 736 deinceps
1014 682 1069 724 velle

199 752 302 795 insistere
313 753 412 808 vestigiis
422 753 600 808 predecessorum
612 765 701 793 suorum
718 755 739 793 et
755 764 843 792 manere
859 751 948 792 firmum
966 751 1068 793 stabilem

199 825 222 862 et
233 826 371 863 constantem
382 822 405 863 in
417 821 493 863 eadem
503 820 547 862 fide
558 824 580 861 et
596 821 677 862 unione
693 821 796 863 ecclesiae
814 820 938 863 Catholicae
958 823 980 862 et
996 835 1069 877 perse-

196 905 269 933 verare
280 892 303 933 in
314 896 420 948 perpetua
430 891 555 933 obedientia
573 895 595 933 et
611 891 726 934 devotione
741 906 879 934 summorum
896 892 1029 934 Pontificum
1046 896 1068 934 et

198 962 257 1004 sedis
267 961 407 1018 Apostolicae
418 976 487 1017 usque
499 961 527 1004 ad
538 965 661 1004 extremum
678 963 735 1005 ritae
752 964 862 1019 spiritum.
896 963 967 1005 Tanto
984 977 1069 1019 quoque

197 1032 248 1075 odio
258 1034 361 1089 prosequi
377 1037 399 1075 et
414 1033 529 1076 abhorrere
546 1037 616 1076 sectas
633 1037 655 1075 et
672 1033 774 1077 haereses
793 1037 818 1076 ut
834 1048 883 1077 vere
894 1023 972 1076 malint
982 1038 1068 1076 mutare

198 1104 262 1146 sedes
273 1104 342 1146 aliove
354 1104 455 1160 gentium
465 1104 559 1159 migrare
571 1117 635 1159 quam
647 1104 749 1160 deinceps
765 1105 836 1147 vivere
848 1104 889 1147 sub
900 1105 1014 1146 haereticis
1031 1108 1069 1146 aut

198 1176 334 1230 acquiescere
346 1174 454 1217 erroribus
465 1178 487 1216 et
497 1174 637 1217 instabilitati
655 1174 778 1230 Anglorum
795 1175 831 1230 qui
847 1176 871 1216 in
888 1178 997 1228 postremo
1014 1175 1067 1217 scis-

198 1249 258 1287 mate
278 1246 319 1288 sub
335 1246 432 1288 Henrico
454 1246 535 1287 Octavo
556 1248 578 1286 et
594 1244 698 1286 Eduardo
716 1249 778 1287 sexto
794 1244 883 1299 regibus
902 1244 1024 1300 spoliarunt
1046 1249 1067 1287 et

197 1320 312 1358 vastarunt
321 1316 433 1358 Ecclesias
444 1319 466 1357 et
477 1315 610 1357 monasteria
620 1315 686 1356 istius
697 1315 759 1369 regni
770 1318 792 1356 et
801 1315 931 1370 proscriptis
943 1318 965 1356 et
972 1314 1067 1358 adflictis
1132 1350 1134 1353 .

196 1387 312 1440 Episcopis
323 1390 346 1428 et
357 1386 464 1441 religiosis
474 1385 601 1436 Catholicis,
610 1388 681 1428 totum
689 1386 795 1441 populum
807 1385 830 1427 in
840 1399 927 1427 summa
938 1386 1067 1429 confusione

195 1458 323 1511 posuerunt.
366 1455 431 1497 Hanc
452 1470 501 1497 vera
529 1456 628 1511 reginam
649 1455 805 1498 Elinabetham
830 1456 953 1498 etiamnum
977 1456 1066 1499 easdem

195 1539 281 1568 morere
292 1524 402 1581 tragedias
414 1526 536 1567 carceribus
547 1526 644 1567 detinere
659 1526 775 1580 precipuos
791 1525 856 1567 istius
874 1525 935 1581 regni
954 1526 1066 1581 episcopos

196 1596 292 1650 aliasque
303 1609 409 1651 personas
420 1595 534 1650 religiosas
546 1594 573 1636 ob
584 1595 768 1649 perseverantiam
785 1596 808 1637 in
823 1595 866 1637 fide
883 1599 905 1637 et
919 1596 1066 1638 obedientiam

196 1665 340 1716 Catholicam,
352 1679 390 1720 per
400 1668 470 1707 totam
486 1665 554 1706 istam
564 1664 665 1706 Insulam
685 1665 775 1708 Summa
786 1680 836 1708 cum
846 1666 953 1708 instantia
960 1670 981 1709 et
992 1667 1066 1723 vigore

196 1737 349 1778 executionem
360 1750 434 1777 rerum
444 1749 482 1791 per
497 1736 568 1790 ipsius
580 1735 689 1791 quondam
699 1740 785 1791 patrem
796 1740 817 1778 et
828 1737 917 1778 fratrem
928 1737 1065 1793 inceptarum

196 1806 272 1848 missis
284 1805 363 1847 adhoc
374 1805 437 1847 novis
448 1805 637 1847 concionatoribus
649 1808 670 1846 et
681 1805 787 1860 episcopis
797 1806 913 1848 haereticis
920 1821 970 1849 cum
981 1821 1063 1863 magna

196 1877 259 1932 copia
269 1876 376 1918 librorum
386 1875 547 1918 haereticorum
565 1876 589 1917 in
607 1875 648 1919 hoc
663 1876 742 1931 populo
760 1876 968 1929 distribuendorum,
985 1877 1063 1933 anue

196 1947 280 1989 ratione
291 1945 399 2002 populum
410 1946 475 1987 istius
486 1945 549 2001 regni
557 1945 661 1988 continuo
671 1946 695 1987 in
707 1947 767 1988 omni
777 1946 902 1989 humilitate
909 1961 983 2003 rogare
990 1947 1064 1990 Deum

195 2021 220 2060 ut
231 2018 330 2073 ipsorum
342 2016 503 2059 calamitatibus
520 2016 619 2058 misereri
634 2016 744 2072 finemque
762 2017 874 2072 imponere
893 2017 1062 2069 adflictionibus,

194 2091 216 2130 et
227 2088 312 2130 animos
325 2087 453 2130 Sanctitatis
471 2101 523 2130 suae
543 2087 752 2142 clementissimique
768 2087 835 2143 Regis
843 2085 949 2131 Catholici
955 2089 1064 2144 inspirare

194 2158 303 2214 dignetur,
316 2160 342 2199 ut
354 2157 401 2212 jam
417 2156 507 2198 tandem
524 2161 610 2198 mature
626 2156 737 2211 providere
754 2157 828 2208 velint,
847 2172 876 2200 ne
892 2172 985 2214 regnum
1000 2158 1062 2201 istud

192 2228 330 2284 populusque
340 2230 387 2268 tam
398 2240 448 2281 erga
459 2225 540 2277 Deum,
555 2240 618 2269 suam
634 2225 784 2277 Sanctitatem,
797 2230 818 2269 et
835 2227 971 2270 Catholicam
983 2228 1062 2283 majes-

192 2303 264 2340 tatem
274 2297 365 2339 devotus
376 2310 403 2338 ex
413 2310 478 2339 causa
488 2297 617 2340 maledictae
630 2300 652 2339 01
668 2298 806 2353 contagiosae
824 2297 922 2340 haeresis
939 2299 963 2340 in
980 2298 1062 2353 Anglia

193 2367 290 2423 rigentis
306 2366 416 2407 inficiatur
427 2370 449 2407 et
461 2370 566 2409 vastetur.

240 2437 341 2492 Denique
367 2436 438 2478 sciant
468 2451 506 2479 sua
538 2438 646 2482 Sanctitas
678 2443 700 2481 et
726 2438 840 2481 Catholica
862 2438 967 2494 hlajestas
991 2441 1063 2482 omnis

195 2508 317 2553 nobilitatis
339 2507 482 2562 universique
504 2509 580 2564 populi
601 2502 667 2552 istius
692 2508 764 2564 Regni
791 2521 904 2550 summum
930 2508 1063 2552 desiderium

192 2579 328 2637 jamdudum
339 2577 415 2628 fuisse,
433 2580 497 2632 atque
514 2579 634 2621 etiamnum
645 2580 669 2621 in
679 2578 791 2635 presentia
802 2592 849 2621 0000
866 2578 964 2622 absolute
975 2580 1061 2623 deveni-

193 2651 244 2694 endi
255 2649 296 2693 sub
307 2647 378 2691 tutela
388 2647 508 2702 patrocinio
517 2651 539 2689 et
547 2649 679 2703 protectione
690 2647 818 2690 sanctitatis
825 2662 878 2690 suae
886 2649 1062 2692 clementissimi·
1092 2682 1094 2685 v

192 2737 234 2778 que
252 2719 414 2776 Hispaniarum
431 2718 488 2773 regis
508 2718 615 2760 Catholici
633 2723 709 2774 utpote
727 2718 816 2759 illorum
834 2719 862 2760 ad
878 2731 932 2774 01100
946 2721 993 2775 jam
1009 2720 1063 2763 olim

192 2793 272 2835 directe
289 2793 374 2847 spectat
391 2788 463 2831 omnis
479 2789 637 2844 preeminentia
648 2793 670 2830 et
680 2789 801 2844 proprietas
817 2789 877 2832 illius
894 2790 978 2832 insulae
995 2805 1063 2847 eoque

192 2864 256 2906 modo
268 2863 370 2917 deinceps
388 2860 468 2902 evitare
485 2859 625 2901 affiictionem
643 2863 665 2900 et
682 2859 805 2914 periculum
823 2861 933 2903 scismatis
944 2865 966 2904 et
979 2861 1062 2907 heresis

193 2947 277 2988 semper
296 2932 407 2975 variabilis
426 2931 499 2987 Regni
517 2927 618 2985 Angliae,
637 2929 774 2973 Deliberatos
798 2932 864 2974 etiam
884 2947 931 2975 esse
951 2934 1062 2977 mediante
1084 2962 1085 2965 =

192 3003 273 3045 auxilio
284 3003 319 3045 dei
330 3008 352 3046 et
362 3004 434 3045 tancre
446 3000 614 3045 clementissimi
631 3000 689 3056 regis
701 3000 807 3044 Catholici
826 3006 935 3059 acceptare
945 3018 1062 3060 personam
