2416 3337
452 187 594 217 SPIOILEGIUM
611 185 753 216 OSSOROENSE.

585 385 626 428 LI.

171 520 267 562 Lnrraa
283 532 310 562 or
327 532 371 561 rna
388 519 475 561 Brsnor
491 532 517 562 or
537 519 607 561 Dour
627 531 670 561 aar
691 519 789 569 Coraca,
807 518 868 560 30rrr
885 517 954 568 dona,
972 516 1038 559 1633.

171 648 233 691 Eam.
246 649 292 702 aa„

218 719 364 776 Posteaquam
371 719 427 762 milri
435 719 589 762 renunciatum
598 722 632 761 est
641 717 667 760 de
676 717 737 760 obitu
744 717 805 759 Emi.
815 717 841 759 D.
851 716 916 759 Card.
923 715 1039 759 Ludorisii

172 790 193 832 b.
199 804 228 832 rn.
235 791 313 847 nuperi
319 790 578 842 nostriProtectoris‚viri
584 789 611 831 de
617 790 659 832 troc
667 802 741 845 regno,
748 792 769 831 et
776 788 803 830 de
809 789 857 844 ipso
864 803 900 830 me
907 801 1039 843 magnopere

171 860 239 917 (quod
250 875 309 904 nuno
319 862 352 903 illi
363 862 424 903 Deus
435 862 463 903 ad
478 862 563 904 animae
580 862 717 917 refrigerium
733 858 850 915 retribuat)
863 860 945 916 optime
956 858 1037 910 meriti,

169 933 238 988 coepi,
251 932 371 975 secundum
387 932 497 975 humanae
518 933 651 975 conditionis
673 936 755 975 sortem
776 932 908 984 contristari,
921 935 942 973 et
964 930 1037 974 dolore

169 1003 244 1060 affligi.
279 1003 362 1046 Verum
383 1004 493 1046 enimvero
519 990 570 1046 cum
593 1003 693 1046 intellexi
713 1004 820 1045 nostratis
841 1003 937 1045 Eccliae.
963 1016 1038 1045 curam

169 1076 196 1118 V.
208 1075 236 1117 E.
254 1075 318 1117 Dnis.
339 1076 420 1118 tutelae
442 1075 583 1118 commissam
604 1088 660 1126 esse,
673 1074 771 1117 abstersa
793 1078 825 1116 est
844 1074 870 1116 ab
894 1074 962 1116 oculis
982 1074 1039 1115 meis

113 1148 116 1153 '
169 1148 270 1204 lacryma,
283 1151 305 1190 et
323 1137 413 1190 tristitia
429 1162 478 1190 mea
493 1161 556 1190 versa
572 1150 606 1189 est
621 1148 645 1189 in
661 1145 781 1203 gaudium:
800 1147 875 1188 statim
894 1145 976 1188 scilicet
987 1148 1037 1187 ante

125 1275 126 1278 Ἴ
169 1233 230 1262 ineos
249 1219 305 1261 milri
323 1218 397 1262 oculos
416 1219 499 1275 liquido
520 1219 630 1275 apparuit,
653 1220 761 1274 quantum
779 1217 803 1259 in
821 1217 864 1259 fide
887 1216 1037 1267 emolumenti,

170 1294 277 1346 quantum
289 1291 420 1333 inerementi
434 1290 458 1332 in
469 1291 587 1333 iirtutibus
599 1304 626 1332 ex
637 1293 711 1333 restra·
719 1288 855 1345 protectione
866 1288 920 1331 huic
930 1303 997 1344 regno
1011 1289 1039 1331 sit

169 1362 321 1404 obventurum.
346 1361 438 1403 Etenim
449 1375 581 1417 quamquam
598 1375 648 1403 cum
659 1361 741 1403 Romae
762 1374 849 1416 agerem
857 1358 920 1414 (tunc
931 1361 1037 1416 temporis

168 1429 361 1484 Poenitentiarius)
373 1431 400 1473 V.
413 1432 438 1473 E.
450 1431 512 1473 Diris.
524 1432 615 1487 ignotus
627 1431 716 1474 omnino
735 1431 822 1481 fuerim,
839 1444 889 1472 eam
906 1444 945 1487 ego
962 1434 1036 1473 tamen

169 1503 243 1542 exacte
260 1514 375 1543 noveram:
394 1502 457 1556 cujus
476 1502 579 1552 actiones,
596 1515 649 1556 quas
665 1501 699 1543 vel
713 1501 761 1555 ipse
775 1500 880 1551 videram,
897 1500 931 1542 uei
945 1515 972 1542 ex
986 1501 1036 1543 aliis

168 1573 288 1625 audieram,
312 1572 464 1623 admiratione,
484 1573 508 1615 et
529 1573 653 1614 imitatione
675 1572 703 1624 (si
725 1572 774 1626 quis
794 1585 830 1612 eas
850 1571 933 1613 imitari
951 1570 1035 1626 posset)

169 1643 312 1700 dignissimas
334 1644 518 1695 animadvertens,
542 1643 658 1686 studebam
679 1657 744 1698 quam
765 1643 903 1698 penitissime
924 1643 947 1684 in
965 1644 992 1685 V.
1011 1644 1036 1685 It.

168 1713 263 1756 Emtiae
280 1715 382 1757 notitiam
398 1715 499 1770 irrepere,
511 1718 534 1757 et
549 1719 672 1771 penetrare.
705 1714 767 1756 Tunc
778 1715 851 1756 notari
862 1728 903 1770 ego
915 1714 1037 1770 diligentis-

169 1785 223 1827 sime
235 1786 354 1845 ferventem
361 1785 434 1838 illum,
447 1789 469 1828 et
479 1786 694 1842 planeebullientem
707 1787 731 1827 in
741 1785 881 1842 propaganda
890 1786 932 1828 fide
940 1790 1038 1828 vestrum

169 1856 248 1906 uelum,
257 1857 294 1911 qui
303 1870 361 1898 nunc
370 1858 500 1914 conjunctus
510 1858 631 1913 potentiae,
641 1861 664 1900 et
670 1857 802 1909 auctoritati,
812 1871 854 1912 qua
863 1857 922 1912 apud
934 1857 1036 1900 SSmum.

167 1926 256 1968 Patrem
261 1925 683 1972 PatrumomniumvestravaietEmtia.
688 1942 792 1984 magnam
797 1928 847 1970 huic
853 1928 944 1971 afflictae
952 1930 1037 1972 insulae

169 1998 262 2053 spondet
275 1999 368 2042 firmiter
383 1999 557 2043 consolationem
574 2000 632 2042 unde
648 2000 704 2056 quod
716 2001 744 2042 ad
754 2014 789 2042 me
804 2000 877 2055 ipsum
890 2005 979 2056 spectat,
992 2016 1036 2043 non

167 2069 270 2111 existimo
281 2083 357 2125 operae
368 2072 464 2125 pretium
476 2084 531 2121 esse,
542 2075 566 2113 ut
578 2085 620 2122 ine,
633 2085 737 2126 measque
748 2085 783 2113 res
795 2072 960 2123 commendem
977 2076 1035 2115 certo

166 2153 261 2195 namque
279 2139 323 2182 scio
338 2139 504 2182 solertissimam
521 2140 548 2181 V.
558 2140 587 2182 Ε.
598 2141 663 2182 Dnis.
681 2140 821 2196 prudentiam
838 2141 879 2184 toti
895 2141 1034 2184 universitati

166 2211 197 2253 ita
215 2210 373 2266 evigilaturam,
386 2214 411 2253 ut
425 2210 483 2266 quod
498 2211 636 2266 singulorum
652 2215 691 2264 est,
708 2226 754 2254 non
770 2212 881 2268 negligat;
902 2193 1035 2269 quampiam

166 2281 265 2324 fortassis
276 2282 354 2337 potiori
359 2281 409 2338 jure
417 2282 541 2333 favendum,
547 2286 569 2324 et
579 2282 754 2325 subveniendum
762 2284 817 2326 foret
824 2282 970 2340 mihi,utpote
976 2285 1035 2327 inter

166 2353 357 2409 comprovinciales
369 2354 459 2409 juniori,
472 2357 493 2395 et
504 2354 591 2396 Dunen.
603 2358 626 2396 et
638 2353 745 2397 Ooneren.
758 2354 909 2398 Ecclesiarurn
918 2370 1036 2412 earumque

166 2429 216 2480 post·
232 2425 424 2480 metropolitanam
440 2425 545 2481 dignitate
562 2426 737 2482 praecipuarum,
751 2426 925 2470 sollicitudinem
935 2429 1033 2482 gerenti:

166 2498 202 2539 cui
210 2496 301 2553 ponderi
309 2498 352 2540 mei
360 2511 425 2553 quam
433 2498 478 2540 sint
486 2498 580 2553 impares
587 2497 682 2550 humeri,
690 2499 738 2554 ipse
747 2513 791 2541 non
801 2499 884 2554 ignoro.
902 2499 969 2541 Porro
977 2500 1035 2555 quod

166 2568 194 2610 ad
207 2572 332 2624 presentem
348 2569 404 2625 huJ'u
420 2570 491 2626 Regni
507 2573 589 2612 statum
604 2570 691 2620 attinet,
704 2571 747 2613 etsi
763 2570 851 2626 quidem
868 2574 943 2626 aperta
961 2570 1032 2612 ortho-

166 2638 235 2681 doxae
251 2638 302 2681 fidei
318 2639 431 2695 professio,
449 2644 471 2682 et
488 2640 782 2683 functionis·ecclesiastieae
801 2641 916 2696 permissio
932 2653 1034 2682 concessa

165 2724 210 2752 non
222 2709 258 2760 sit,
270 2723 350 2765 magna
360 2713 434 2753 tamen
453 2711 507 2763 (Deo
524 2708 582 2765 laus)
600 2714 633 2753 est
650 2725 662 2752 a
677 2711 837 2766 persecutionis
853 2711 913 2753 rabie
924 2710 1031 2762 cessatio3

166 2795 221 2837 quae
232 2780 338 2835 quamdiu
347 2782 376 2823 sit
391 2781 502 2833 (iuratum,
514 2783 633 2833 nescimus,
646 2782 735 2825 meliora
746 2787 821 2825 tamen
837 2795 948 2838 speramus
957 2795 969 2822 a
977 2780 1031 2832 Deo,

165 2850 230 2907 idque
242 2852 276 2894 vel
286 2854 401 2908 praecipue
412 2854 435 2896 in
444 2855 537 2909 gratiam
547 2855 576 2896 D.
588 2854 615 2896 V.
624 2853 711 2906 Emae„
721 2868 795 2910 quam,
808 2853 844 2895 dc.

211 2937 294 2983 Datum
307 2942 390 2985 cnloco
401 2945 443 2986 nri.
456 2944 536 3000 refugii
547 2944 588 2987 hac
599 2944 678 2986 ultima
688 2944 740 2986 dun.
753 2941 808 2996 stylo
819 2944 860 2983 ret.
875 2939 939 2982 1633.

468 3038 506 3079 Fa
519 3038 693 3088 Bouarnurunr,
702 3037 755 3090 Eps.
766 3034 854 3076 Dunen.
863 3035 884 3075 ct
894 3033 1002 3078 Coneren.
