2416 3337
452 133 596 164 1111111111
612 133 755 163 1110111111,
999 117 1044 159 255

171 297 240 325 annos
253 280 358 325 Sacerdos
371 279 493 322 Saecularis
501 280 549 334 jam
560 278 639 320 multis
650 277 715 319 annis
724 277 745 318 S.
757 275 821 319 Sedis
828 276 923 332 Apiicac.
935 277 959 318 in
967 275 1041 318 Diaec.

172 350 315 407 Glogherensi
332 348 433 392 Vicarius
449 348 572 392 Generalis.
605 347 684 399 Quiris
694 346 775 389 horum
792 345 899 389 oriundus
912 351 946 389 est
956 347 980 388 in
995 347 1043 402 ipsa

170 420 324 463 Ardmachana
338 420 452 462 Provincia
463 424 485 462 11
501 423 578 475 gratus
594 418 683 475 populis
694 417 808 460 Diaecesis
820 418 935 460 Dunensis
947 422 969 460 11
986 417 1042 460 Gon-

170 492 273 536 norensis
297 495 319 534 11
342 491 425 547 optime
445 495 513 547 aptus
534 489 562 533 ad
588 489 772 546 gubernationem
793 488 907 532 Diaecesis
934 488 1042 545 ejusdem.

171 562 235 605 Itme.
246 562 302 604 Dne.
313 575 358 604 non
370 565 421 604 utor
431 561 510 605 multis
522 561 594 605 verbis
605 562 629 602 in
647 559 765 616 praedictis
777 559 959 602 commendandis
976 559 998 601 S.
1011 556 1043 602 Sfi'

171 634 293 676 Protectcri
309 638 398 676 nostrae
419 634 493 691 gentis
513 638 552 676 aut
570 633 649 675 Sacrae
668 632 769 688 (longui,
787 645 828 674 nec
845 634 869 673 ut
888 635 968 683 uterer,
991 630 1043 673 duxi

169 707 271 762 expedire
282 710 320 748 aut
330 720 392 748 meae
400 706 467 749 aetati
474 709 514 748 aut
525 719 600 749 eorum
607 703 719 760 dignitati,
728 702 865 746 soiicitudini
876 706 898 746 et
904 702 1041 759 prudentiaea

169 776 255 819 Accidit
266 777 332 819 etiam
343 776 401 832 quod
413 790 535 832 supponam
552 776 574 818 S.
591 776 737 818 Sanctitatem
747 778 769 816 et
779 774 857 818 Emcs.
867 774 918 816 DD.
930 774 1042 829 concipere

169 846 269 889 11111111
284 860 320 888 me
331 860 381 888 eam
392 847 519 901 opinionem
535 847 594 903 quod
608 859 653 888 non
667 859 813 901 proponerem
829 844 901 888 ulium
912 845 1041 902 eligendum

167 917 295 959 Praeiatum
313 917 337 958 11
358 917 468 972 provincia
489 930 546 968 mea,
564 917 600 959 his
616 917 816 959 turbulentissimis
833 918 978 974 temporibus,
996 918 1042 961 nisi

170 1001 234 1044 quem
247 989 326 1031 scirem
342 988 430 1043 propria
441 987 520 1030 notitia
536 991 558 1030 et
571 988 707 1044 experientia
718 988 808 1030 omnino
818 989 930 1031 idoneum.
961 990 1042 1032 Divina

171 1063 192 1102 et
202 1059 330 1115 Apostoiiea
341 1059 469 1115 dignatione
485 1062 601 1116 promotus
612 1059 645 1101 fui
656 1058 684 1101 ad
699 1058 861 1115 Episcopatum
877 1059 1041 1102 iiiimorensem

170 1145 226 1174 anno
238 1131 297 1174 1625
308 1134 330 1173 et
341 1131 435 1174 subinde
446 1130 473 1173 ad
483 1131 605 1187 primatum
615 1129 782 1172 Armachanum
794 1143 851 1172 anno
864 1131 929 1181 1628,
942 1144 985 1187 quo
995 1134 1041 1173 1010

167 1207 265 1259 tempore
275 1203 361 1246 resideo
372 1203 396 1244 11
406 1203 518 1258 provincia
529 1202 586 1245 mitri
597 1202 716 1245 commissa
727 1219 732 1246 :
750 1202 856 1245 incumbo
869 1203 935 1258 juxta
945 1204 1041 1245 tenuita-

167 1280 212 1318 tem
222 1275 301 1318 talenti
316 1274 374 1317 mihi
390 1289 402 1316 a
419 1275 465 1317 Deo
482 1274 552 1318 dediti
569 1274 674 1317 utilitati>
683 1273 817 1329 populorum
833 1288 933 1316 meorum
950 1289 974 1316 ac
990 1289 1040 1317 con-

168 1347 285 1390 servationi
301 1350 322 1389 et
342 1346 494 1402 propagationi
510 1346 562 1389 fidei
577 1349 666 1389 nostrae
677 1334 816 1401 Apostolicae
831 1349 906 1389 contra
921 1346 1040 1389 inimicum

166 1418 287 1461 hominem.
318 1418 376 1460 Novi
391 1418 469 1460 intime
489 1418 599 1474 praefatos
616 1418 748 1469 Henricum‚
762 1418 872 1460 Thomam
884 1422 906 1460 11
916 1418 1038 1460 Eurorum:

167 1502 256 1544 operam
282 1502 358 1530 eorum
383 1488 448 1530 variis
469 1489 565 1543 negotiis
591 1489 755 1531 Ecclesiasticis
777 1490 902 1544 frequenter
923 1489 1037 1545 impendi3

129 1559 131 1562 ’
166 1557 277 1601 industrii
302 1572 378 1600 eorum
408 1558 432 1600 in
454 1557 550 1613 pondere
576 1562 598 1600 11
624 1563 687 1601 aestu
714 1559 757 1601 diei
782 1562 821 1601 aut
841 1559 966 1614 repellendo
998 1563 1038 1602 aut

167 1629 289 1685 mitigando
305 1629 429 1671 etiamnum
440 1628 526 1684 quoties
537 1628 602 1671 datur
618 1629 704 1685 gravior
720 1631 811 1680 occasio,
829 1635 892 1672 utor:
913 1644 956 1686 quo
974 1631 1039 1673 modo

166 1701 313 1756 processerint
334 1704 356 1742 11
372 1700 491 1755 procedant
507 1701 531 1742 in
551 1701 598 1743 suis
615 1701 693 1743 officiis
704 1701 831 1757 respective,
849 1701 1001 1758 functionibus
1018 1706 1040 1745 11

166 1771 283 1813 territoriis
294 1774 319 1813 ut
330 1771 451 1826 plurimum
468 1771 558 1813 adverti.
589 1771 651 1813 Deus
663 1772 719 1814 mihi
734 1773 799 1815 testis
816 1776 850 1814 est
865 1787 910 1815 non
927 1773 1040 1816 considero

166 1844 189 1885 in
200 1843 246 1884 1110
254 1843 354 1897 ipsorum
363 1856 451 1884 carnem
459 1845 498 1885 aut
508 1842 640 1897 sanguinem
648 1843 730 1886 aliosve
737 1843 794 1886 ulios
805 1843 915 1886 humanos
926 1849 1040 1900 respectus

167 1913 205 1956 sed
226 1913 299 1955 solum
315 1912 446 1963 doctrinam,
458 1914 625 1969 experientiam,
643 1914 792 1969 prudentiam,
811 1918 951 1957 constantem
967 1915 1040 1957 111111

167 1988 188 2026 11
209 1983 265 2025 alias
286 1982 411 2038 qualitates,
434 1983 514 2038 quibus
535 1983 620 2038 pollent
638 1997 683 2026 non
701 1984 847 2035 mediocriter,
859 1986 994 2027 necessarias
1011 1985 1039 2027 ad

166 2052 331 2110 gubernationis
342 2052 512 2094 Ecclesiasticae
524 2066 590 2094 onera
601 2053 740 2095 sustinenda.
773 2054 891 2096 Caeterum
898 2068 951 2110 rogo
959 2055 1039 2096 obnixe

167 2129 192 2166 ut
207 2124 254 2166 suis
271 2123 320 2165 aiiis
336 2122 449 2164 beneficiis
465 2126 487 2164 11
502 2121 614 2165 favoribus
632 2123 735 2178 piurimis
751 2124 774 2166 in
792 2138 833 2167 nos
852 2124 938 2167 collatis
950 2124 1039 2180 adjiciat

166 2194 317 2238 assistentiam
328 2197 351 2235 et
361 2192 456 2235 favorem
468 2193 492 2234 in
504 2192 577 2249 atiquo
588 2194 738 2249 praefatorum
750 2194 777 2235 ad
788 2195 863 2237 sedem
874 2195 1005 2238 Dunensem
1017 2199 1039 2237 et

166 2267 289 2309 Gonnoren.
299 2264 444 2320 promovendo
455 2263 482 2306 V.
500 2263 592 2307 Rerma.
603 2264 664 2306 Dtio.
676 2281 681 2307 z
702 2278 768 2320 quam
783 2265 845 2308 Deus
857 2270 901 2321 opt.
918 2280 977 2308 max.
988 2280 1039 2308 con-

166 2340 237 2379 servet
259 2335 287 2377 ad
307 2335 391 2378 multos
410 2347 479 2376 annos
500 2334 637 2377 incolumem
659 2335 725 2377 nobis
751 2339 773 2377 et
802 2335 824 2377 S.
853 2335 917 2379 Sedis
941 2336 1039 2393 Apiicae.

165 2406 284 2462 obsequiis.

209 2506 295 2549 Datum
306 2506 390 2549 111010
401 2504 523 2549 mansionis
534 2509 624 2548 nostrae
634 2506 720 2548 mensis
731 2506 788 2548 Juiii
799 2508 864 2549 tertio
876 2507 910 2549 die
923 2507 988 2548 1641.

376 2597 451 2640 Rnrae.
461 2597 489 2639 D.
500 2596 565 2639 Vrae.
576 2597 604 2639 ad
614 2598 720 2654 obsequia
731 2599 895 2654 paratissimus,

533 2691 609 2746 Haeo,
627 2693 759 2750 Archiepus.
770 2694 946 2743 Ardmachanus

714 2766 784 2809 totius
796 2766 916 2808 Hiberniae
929 2766 1022 2809 Primos.
