2416 3337
208 222 236 265 17
239 221 251 262 6
489 232 633 262 srromneruu
649 230 791 263 1111111111.

205 380 320 424 molestiae
330 382 426 438 periculo
438 381 510 424 audiri
520 382 612 438 nequit:
630 381 691 424 nulla
708 380 790 437 regalia
806 394 905 432 munera,
917 379 979 421 nulla
989 377 1076 421 honori-

205 451 246 494 fica
272 453 349 505 officia,
369 468 413 496 non
434 453 490 508 regii
507 453 592 496 favores
614 451 736 495 Catholicis
756 452 913 502 conferuntur3
936 450 984 493 ideo
1001 447 1077 505 populi

205 523 271 566 multi
297 525 369 581 legem
393 524 530 567 Catholicam
555 527 724 567 contemnentes
746 538 758 566 a
782 523 877 566 Romani
893 521 1008 565 Pontificis
1027 521 1076 564 obe-

205 595 288 638 dientia
310 597 414 639 recedunt
437 600 458 639 et
475 596 571 638 maxime
588 595 706 638 nobiliores
725 595 830 651 quiplus
842 594 933 636 caeteris
947 593 1019 650 regias
1034 593 1075 635 fre-

205 670 313 721 quentant
324 667 385 709 aulas
396 681 448 722 opes
459 669 566 721 appetunt
577 669 598 707 et
609 665 702 707 honores
714 664 830 707 ambiunt:
847 664 871 705 hi
885 664 945 706 enim
954 651 1076 719 purpuram

205 738 276 792 magis
293 752 360 793 quani
378 738 451 779 Deum
469 737 544 778 colunt
565 736 624 778 etad
641 736 766 791 exemplum
777 736 834 789 regis
851 749 874 777 se
895 738 1076 790 componentesa

203 821 266 850 verae
285 807 336 849 fidei
355 807 509 849 communione
528 820 551 849 se
569 806 663 848 libenter
681 804 827 849 abstrahunt:
845 805 927 848 crebris
938 806 1074 847 1111111111-

203 879 348 920 sionariorurn
359 875 471 920 laboribus
481 877 545 933 petiti
556 881 578 920 et
586 877 686 933 pervigili
695 877 814 920 Pastorem
825 891 876 919 cura
888 892 935 920 sero
947 882 985 919 aut
992 877 1035 919 cito
1046 877 1074 919 ad

202 949 275 1004 gregis
285 949 324 991 Xti
333 949 417 992 caulam
424 952 575 992 revertuntur:
587 950 670 992 interea
678 948 786 993 Catholici
796 949 867 993 multo
874 950 980 1005 majorem
988 953 1073 1005 partem

201 1020 328 1064 Provinciae
342 1022 468 1064 conficiunt.

246 1091 329 1135 Nullus
349 1092 521 1135 Ecclesiasticus
542 1093 699 1149 cujuscumque
717 1093 746 1135 sit
763 1093 851 1148 gradus,
874 1096 947 1136 status
966 1095 1005 1134 aut
1022 1107 1072 1136 con-

202 1163 292 1206 ditionis
308 1163 374 1206 habet
389 1168 508 1219 proventus
525 1164 610 1220 aliquos
627 1169 664 1206 aut
675 1168 745 1207 certas
764 1164 928 1219 eleemosynas;
947 1178 990 1207 non
1002 1164 1072 1206 domi·

202 1235 279 1277 cilium
289 1236 402 1291 proprium
414 1241 452 1278 aut
468 1250 599 1278 commune:
617 1236 760 1279 discurrimus
771 1249 848 1278 omnes
859 1250 898 1291 per
909 1235 972 1278 aedes
983 1236 1071 1290 piorum

201 1307 300 1349 fidelium
311 1322 324 1349 a
335 1307 413 1363 quibus
424 1308 514 1350 nonnisi
525 1306 606 1349 leviora
617 1308 729 1348 esculenta
745 1309 783 1349 aut
799 1306 923 1363 poculenta,
936 1307 1070 1349 munuscula

199 1386 256 1427 rara,
268 1375 303 1420 rel
319 1381 397 1419 tenues
417 1378 502 1433 aliquas
520 1376 670 1432 eleemosynes
687 1377 802 1419 missionis
813 1375 913 1419 laborum
924 1378 1008 1419 intuitu
1019 1391 1071 1420 111-

201 1461 273 1490 cessas
284 1447 398 1489 habemus.

229 1546 231 1550 »
246 1516 329 1560 Sumus
340 1518 392 1560 huic
402 1517 506 1573 praefecti
514 1517 642 1559 Provinciae
652 1516 783 1573 Archiepus.
796 1530 856 1559 unns
867 1520 889 1559 et
897 1517 1002 1572 Episcopi
1011 1517 1055 1561 Sex
1065 1533 1069 1559 :

198 1588 253 1644 Abpv
267 1588 400 1632 Gessilensis
411 1593 445 1631 est
457 1588 583 1631 Provinciae
594 1588 791 1644 Metropolitanus:
808 1588 878 1643 Epus.
896 1576 1036 1644 'Ooroagienis
1048 1593 1070 1632 et

200 1660 311 1703 Cluanen:
321 1658 560 1716 EpasLimiricensis:
572 1659 816 1714 Eous-Immilicensis:
824 1659 896 1714 Elius.
904 1659 1070 1702 Waterfordien.

200 1735 222 1773 et
238 1731 369 1773 Lismoren:
382 1730 450 1786 Epus.
463 1730 601 1772 Laonensis:
619 1733 641 1771 11
651 1730 714 1785 epus
726 1730 845 1773 Rossensis
855 1747 860 1772 :
872 1745 966 1787 quorum
976 1731 1070 1774 ultimus

201 1805 235 1844 est
250 1802 340 1844 natione
350 1801 473 1856 Hispanus,
491 1805 513 1843 et
530 1800 554 1842 in
566 1800 675 1855 Hispania
690 1801 797 1853 residens,
810 1816 927 1858 curamque
945 1803 979 1845 sui
997 1804 1070 1859 gregis

201 1886 280 1927 gerens
291 1886 330 1927 per
340 1872 452 1914 Vicarium
465 1870 596 1913 Generalem
607 1870 741 1913 Hibernunr.
755 1871 814 1915 Sunt
829 1875 850 1914 et
861 1872 904 1915 duo
915 1873 986 1915 adhuc
997 1873 1069 1916 Gene-

200 1941 258 1984 rales
269 1942 365 1984 Vicani:
384 1956 442 1984 11111
452 1941 604 1984 1111111111111
616 1945 637 1982 11
651 1941 808 1993 Achadoensis,
822 1943 863 1986 sibi
875 1957 966 1985 sumens
977 1943 1069 1986 titulum

200 2012 420 2067 VicariiApostolici:
432 2012 488 2054 alter
495 2016 529 2055 est
535 2012 695 2054 Funiborerrsis
702 2012 803 2055 Vicarius
811 2015 861 2070 jure
872 2016 947 2056 nostro
958 2013 1068 2069 Metropo-

198 2083 257 2125 litico
267 2083 291 2125 in
299 2097 339 2125 auo
346 2097 435 2125 munere
444 2083 593 2125 constitutus:
604 2083 712 2137 praeclare
723 2097 800 2125 onmes
807 2084 829 2125 11
840 2083 933 2139 propriis
941 2083 1068 2126 residentiis

199 2153 273 2196 ovium
285 2152 352 2195 saluti
363 2153 484 2209 invigilant.

243 2224 321 2267 Plures
339 2238 416 2267 snmus
433 2224 486 2266 huic
497 2223 624 2266 Provinciae
640 2223 743 2279 praefecti
753 2224 803 2279 Epi.
815 2238 881 2280 quam
893 2223 1006 2267 commode
1017 2239 1066 2268 sus-

198 2297 279 2338 tentari
305 2299 394 2351 queant.
435 2295 487 2339 Uno
508 2295 647 2338 Ardfertensi
668 2299 690 2339 et
713 2295 853 2338 Acbadoensi
873 2296 956 2352 Epatu.
976 2300 1067 2351 excepto

200 2367 367 2419 (Funiborensis
389 2368 447 2409 enim
467 2368 563 2423 Epatus.
582 2370 615 2409 est
633 2367 685 2410 adeo
702 2368 776 2410 'tenuis
791 2372 813 2410 et
831 2371 941 2423 angustus
957 2371 982 2410 ut
998 2368 1066 2409 nullis

198 2451 297 2492 unquam
306 2438 441 2493 temporibus
451 2438 522 2480 valuit
533 2437 632 2493 Epalem.
648 2438 779 2495 dignitatern
797 2440 931 2491 sustentare)
944 2442 976 2482 111
988 2452 1067 2483 sumus

199 2506 253 2549 acsi
269 2507 292 2548 in
309 2507 397 2561 pacifica
407 2507 535 2549 Hierarclria
551 2508 678 2551 fuissemus.
711 2508 795 2551 Sanum
812 2508 852 2550 erit
867 2522 913 2551 non
928 2509 1002 2564 plures
1017 2524 1065 2565 pro-

199 2578 281 2620 moveri
299 2577 369 2633 11111.
385 2578 408 2619 in
424 2578 465 2619 hac
480 2578 606 2621 Memoriae
624 2579 750 2622 Provincia:
772 2579 813 2621 hac
829 2579 889 2621 eninr
906 2583 977 2622 stante
992 2595 1066 2624 rerum

199 2649 324 2692 conditione
336 2648 416 2691 sufficit
426 2649 553 2691 Provinciae
565 2651 611 2701 uni,
624 2665 682 2694 unus
690 2650 873 2705 Archiepiscopus
884 2654 907 2693 et
916 2650 967 2707 Epi.
979 2651 1006 2694 ad
1016 2653 1064 2709 plu-

198 2721 345 2764 rimumduo.
675 2727 678 2732 '

245 2794 302 2836 Sunt
321 2793 379 2849 apud
397 2806 438 2834 nos
456 2805 537 2847 magno
558 2792 581 2834 in
598 2807 688 2835 nurnero
707 2793 842 2835 diversorum
858 2793 959 2836 ordinum
978 2795 1064 2852 religio.

199 2880 274 2909 sorum
285 2870 307 2907 et
319 2864 465 2908 saecularium
477 2863 614 2905 sacerdotum
624 2864 664 2906 viri
680 2864 802 2906 doctissimi
818 2867 839 2906 et
855 2864 923 2906 divini
933 2866 1005 2909 cultus
1016 2872 1062 2911 stu-

198 3006 284 3048 dicendi
292 3007 406 3049 severitate
415 3005 534 3049 sustinent.
562 3004 654 3047 illinon
666 3005 712 3047 suis
724 3005 761 3048 sed
772 3005 878 3061 evangelii
884 3007 994 3051 doctrinae
1005 3024 1063 3053 com-

199 3076 270 3119 modis
292 3076 390 3120 student.
422 3076 451 3119 Ae
469 3079 523 3120 sunt
541 3078 563 3118 et
574 3075 617 3129 alii,
630 3076 739 3119 inferiorls
750 3075 885 3122 litteraturae
897 3082 918 3122 et
936 3080 996 3123 zelus
1013 3084 1062 3130 tum
