2416 3337
370 58 383 84 ss

378 209 521 240 3113333133
537 210 679 241 3333313133,
933 204 961 247 37

95 360 171 415 quavis
182 356 313 399 authoritate
323 357 443 412 fungentes
454 355 539 399 sublata
549 357 583 400 313
593 360 615 400 31
626 370 703 400 331313
713 357 803 400 cuilibet
813 359 890 414 quavis
898 359 961 402 aliter

93 428 206 472 iudicandi
213 431 234 469 et
240 427 399 484 interpretandi
410 427 513 470 facultate
520 431 542 470 31
548 427 682 470 authoritate
691 428 785 471 scienter
791 428 825 470 vel
833 429 961 484 ignoranter

93 499 197 542 attentari
208 499 322 553 contigerit
337 499 426 541 irritum
442 502 464 541 et
479 499 549 542 inane,
561 497 707 542 decernimus.
740 499 844 550 Quocirca
860 499 956 542 Venera-

92 567 174 610 bilibus
182 568 295 612 Fratribus
303 570 386 612 nestris
393 569 521 612 cccccccccc
527 573 549 612 et
557 569 688 611 Kildorccct
695 569 812 625 Episcopis
820 573 882 612 motu
890 571 959 613 simili

91 640 223 684 mandamus
233 645 342 697 quatenus
353 640 397 697 ipsi
407 640 441 683 vel
452 654 511 683 unus
522 654 598 682 eorum
608 654 647 696 per
658 653 689 692 33,
700 639 736 682 vel
747 640 823 692 alium,
836 654 875 683 333
893 641 956 694 31133,

90 715 217 768 praesentes
234 713 326 766 litteras,
343 717 366 756 31
381 714 404 756 13
424 713 456 755 313
472 715 574 756 33313313
592 725 750 769 quaecumque,
768 712 813 764 ubi,
830 717 852 755 et
868 713 956 769 quando

90 796 146 838 opus
156 784 222 827 fuerit
232 799 256 827 33
272 784 356 841 quoties
373 799 412 841 pro
427 787 488 841 parte
498 782 610 826 ,1113113111
628 787 650 826 31
665 796 711 839 proi
723 786 822 839 tempore
840 783 956 827 existentis

88 853 252 912 Archiepiscopi
262 855 397 898 Armacbani
406 859 428 898 et
439 855 537 907 Davidis,
548 868 643 898 necnon
654 854 754 898 Rectcris
767 858 789 897 31
801 854 955 910 Collegialium

88 926 240 981 erigendarum
247 927 423 969 Universitatum
429 927 557 970 huiusmodi
565 927 647 969 fuerint
653 927 755 983 requisiti
763 926 891 970 solemniter
897 928 953 983 pub·

87 996 186 1047 licentes,
196 997 300 1052 eisqnein
311 997 439 1052 praemissis
450 997 541 1039 efficacis
557 994 691 1039 defensionis
701 997 810 1052 praesidio
821 998 953 1041 assistentes

86 1067 168 1112 faciant
179 1069 311 1112 authoritate
322 1072 398 1111 nostra
407 1068 481 1111 omnia
493 1073 515 1111 et
525 1068 613 1124 singula
623 1069 745 1123 praemisse
755 1081 793 1123 per
804 1081 841 1110 eos
852 1068 880 1111 ad
896 1082 952 1124 quos

87 1144 170 1196 spectat
181 1140 273 1183 firmiter
283 1140 400 1183 observari.
430 1139 476 1183 Nec
486 1154 530 1183 non
546 1140 700 1196 permittentes
715 1138 913 1196 Archiepiscopum
931 1145 953 1183 et

85 1212 193 1255 Davidem
204 1211 237 1255 vel
248 1225 324 1255 eorum
335 1211 489 1267 subdelegatos
505 1216 544 1254 aut
559 1211 671 1263 Hectores,
684 1209 799 1253 Scholares
818 1214 840 1252 et
857 1210 952 1267 Collegi·

85 1283 130 1327 3133
141 1283 249 1326 dictarum
260 1283 413 1339 erigendarum
425 1283 601 1326 Universitatum
611 1283 646 1326 vel
657 1295 732 1325 eorum
744 1281 840 1338 aliquem
856 1281 952 1339 desuper

86 1369 172 1412 quoquo
183 1355 247 1397 modo
258 1354 371 1397 molestari
381 1355 504 1410 perturbari
514 1355 548 1397 vel
558 1355 684 1410 inquietari,
697 1353 873 1398 Contradictores
885 1368 950 1411 quos·

84 1425 137 1468 libet
148 1428 169 1468 et
179 1425 271 1468 rebelles
282 1439 320 1480 per
331 1439 436 1469 censuras
451 1429 472 1468 et
487 1439 569 1482 poenas
584 1426 754 1468 Ecclesiasticus
770 1425 855 1481 aliaque
871 1440 948 1482 oppor-

84 1500 138 1539 tuna
163 1495 225 1538 duris
245 1495 341 1537 remedia
364 1496 509 1552 appellatione
533 1496 689 1552 compescendo
709 1510 732 1538 ac
753 1495 858 1550 legitimis
882 1509 949 1552 super

83 1566 119 1609 1113
139 1565 246 1609 habendis
267 1565 358 1608 servatis
384 1566 524 1621 processibus
545 1567 672 1617 sententias,
693 1579 798 1608 censuras
823 1569 846 1608 31
865 1579 948 1622 poenas

82 1637 142 1694 ipsas
153 1638 221 1680 etiam
231 1636 315 1679 iteratis
325 1636 410 1680 vicibus
421 1636 565 1693 aggravando,
582 1637 681 1679 invocato
693 1637 759 1678 3113111
771 1636 798 1678 ad
808 1635 850 1679 1133
861 1637 881 1680 31
891 1651 948 1693 opus

81 1709 148 1751 luerit
160 1707 240 1750 3311113
251 1707 333 1750 brachii
344 1708 456 1750 secularis.
488 1708 538 1751 Non
554 1707 694 1751 obstantibus
705 1707 775 1750 felicis
791 1707 948 1752 reeordationis

80 1779 189 1823 Bonifatii
205 1779 275 1834 Papae
291 1778 356 1834 Vlll.
372 1779 399 1821 de
410 1793 456 1822 una
467 1783 488 1822 31
500 1780 592 1823 03331111
604 1779 718 1823 Generalis
729 1779 756 1821 de
768 1779 858 1827 duabus
871 1779 946 1831 dietis,

81 1850 201 1894 dummodo
218 1849 275 1893 ultra
291 1853 336 1893 tres
352 1850 422 1894 dietas
439 1851 519 1908 aliquis
534 1852 608 1909 vigore
623 1851 774 1907 praesentium
789 1851 812 1893 in
830 1851 946 1896 <Iudicium

79 1935 124 1965 non
140 1921 247 1972 1131131111,
267 1934 291 1963 33
309 1921 429 1964 novissime
449 1921 551 1965 celebrati
568 1921 725 1965 Lateranensis
742 1921 834 1973 Conciti,
851 1922 946 1965 uniones

78 1997 196 2049 perpetuas
206 1992 250 2034 nisi
259 1992 283 2033 in
294 1990 382 2035 casibus
395 1992 473 2035 adure
483 1993 593 2036 concessis
604 1993 652 2035 fieri
665 1990 810 2048 prohibentis,
826 2005 851 2035 ac
867 1993 944 2036 nostra

78 2063 105 2105 de
114 2062 235 2105 unionibus
242 2062 406 2105 committendis
417 2078 443 2105 ex
451 2068 512 2119 parte
524 2063 606 2106 vocatis
614 2075 708 2118 quorum
718 2063 811 2104 interest
820 2077 825 2113 ;
842 2061 943 2107 Necnon

79 2133 129 2175 aliis
139 2132 271 2187 Apostolicis
288 2146 312 2173 33
328 2133 351 2174 in
366 2133 541 2176 Provincialibus
552 2136 573 2174 et
590 2131 737 2186 Synodalibus
754 2131 859 2173 Consiliis
875 2132 941 2176 editis

77 2202 216 2260 generalibus
221 2202 256 2245 vel
266 2202 398 2258 specialibus
407 2202 603 2246 constitutionibus
614 2206 636 2244 et
646 2200 822 2253 ordinationibus
833 2202 940 2246 acEccle-

77 2276 159 2319 siarum
170 2273 355 2317 Monasteriurum
364 2274 505 2318 Prioratnum
516 2279 538 2317 et
548 2274 657 2317 Ordinum
672 2273 802 2316 huiusmodi
817 2274 941 2318 iuramento

76 2345 241 2388 confirmatione
251 2344 376 2400 Apostolioa
391 2346 425 2388 vel
440 2345 523 2402 quavis,
536 2345 640 2388 firmitate
660 2343 702 2386 3113
719 2343 826 2387 roboratis
844 2345 941 2390 Statutis

76 2415 280 2460 Consuetudinibns
296 2419 318 2459 et
333 2416 500 2460 fundationibus
521 2415 611 2459 illorum
625 2414 790 2472 privilegiisque
805 2415 903 2459 Induitis
919 2421 942 2461 et

74 2487 155 2530 litteris
165 2487 298 2543 Apostolicis
315 2488 429 2541 Ecelesiis,
448 2488 600 2541 Monasteriis,
619 2486 755 2530 Prioratibus
777 2491 800 2530 31
820 2487 940 2532 Ordinibus

74 2557 193 2613 praedictis
210 2571 329 2616 eorumque
348 2551 501 2616 Superioribus
522 2562 544 2601 et
564 2558 664 2615 personis
673 2571 679 2609 ;
699 2557 746 2601 Nec
763 2570 809 2601 non
825 2550 939 2615 quibusvis

73 2629 123 2671 aliis
134 2628 175 2672 sub
186 2628 361 2688 quibuscumque
371 2629 485 2674 tenoribus
502 2634 524 2673 31
539 2631 616 2673 formis
631 2644 656 2673 ac
671 2644 722 2672 cnm
738 2629 854 2685 quibusvis
870 2632 937 2674 311331

73 2697 259 2755 derogaturiarum
270 2701 412 2757 derogatoriis
423 2701 516 2758 aliisque
524 2700 680 2744 efficacioribus
691 2700 817 2743 etinsolitis
832 2698 937 2745 clausulis

72 2768 255 2828 irritantibusquc
265 2776 287 2814 et
303 2772 352 2815 aliis
367 2773 467 2816 Decretis
481 2772 505 2814 in
521 2785 599 2828 genere
615 2771 650 2813 vel
665 2771 688 2813 in
706 2771 779 2826 specie
790 2771 856 2814 etiam
873 2776 936 2815 motu

73 2840 141 2884 simili
155 2846 194 2886 aut
209 2843 389 2887 consistorialiter
404 2858 429 2887 ao
445 2844 499 2887 31133
516 2842 680 2900 quomodolibet
695 2842 814 2895 concessis,
829 2857 853 2884 ac
868 2843 935 2886 etiam

70 2909 154 2966 pluries
164 2913 289 2970 approbatis
301 2918 322 2957 et
332 2915 450 2958 innovatis.
483 2915 567 2967 Quibus
578 2912 681 2957 omnibns
692 2906 789 2955 etiamsi
799 2925 837 2968 pro
844 2912 935 2957 11131331

71 2980 188 3025 sufficienti
209 2983 348 3040 derogatione
369 2985 395 3028 de
413 2986 458 3029 illis
481 2998 598 3042 eorumque
620 2984 673 3027 totis
694 2982 934 3045 tenoribus-specialis,
