2416 3337
445 158 591 190 srrornnsruu
606 157 748 188 ossoarunsn.
991 145 1032 186 151

167 303 278 359 quomodo
289 301 348 356 quod
363 301 478 343 infirmum
495 305 517 344 et
533 302 670 344 contractum
691 304 725 343 est
741 299 903 343 consolidabit:
928 302 1034 356 quomodo

166 374 224 430 quod
235 376 357 428 aegrotum,
371 372 457 415 sanabit
468 388 474 425 3
492 376 514 415 et
524 372 633 429 quomodo
644 371 702 427 quod
717 371 812 427 perierat
822 373 931 426 quaeret?

211 445 233 486 3⁰
249 443 315 485 Dices
331 442 429 485 sufficere
445 442 464 485 si
479 444 584 486 resederit
599 443 623 485 in
639 442 712 497 aliqua
727 456 753 484 ex
768 441 845 484 vicinis
855 442 985 492 Provinciis,
997 455 1037 483 nec

164 513 246 570 requiri
264 518 289 555 ut
304 526 390 570 semper
405 513 429 555 in
446 513 538 557 Ultonia
560 513 661 556 resideat.
688 512 849 568 Respondetur‚
871 512 930 568 quod
945 511 1037 554 Ultonia

164 584 275 639 reputabit
290 598 312 627 se
324 583 443 626 Viduatam
459 587 481 626 et
497 588 585 640 pastore
601 583 731 627 destitutam
747 582 791 625 nisi
806 583 830 624 in
848 596 874 624 ea
891 582 978 638 propria
989 582 1036 637 ejus

164 654 294 712 Archiepus.
310 652 423 699 resederit.
461 655 494 698 Et
509 656 560 700 dato
576 655 672 713 quidem,
691 655 749 712 quod
765 653 807 698 hoc
819 654 928 697 sufficeret
937 657 1036 709 tempore

164 728 310 780 necessitatis,
323 741 378 783 quae
394 742 474 784 quaeso
493 728 529 771 hic
546 729 673 779 necessitas,
691 727 868 785 quandoquidem
886 727 950 769 facile
966 726 1036 782 possit

163 801 259 855 reperiri,
271 814 315 842 non
327 800 399 855 quiin
410 800 481 842 vicina
492 800 607 843 Provincia
618 799 690 842 sedin
707 815 732 842 01
746 799 835 855 propria
848 798 973 842 residebit?
1003 797 1035 840 Et

163 871 191 913 ad
207 870 260 926 quid
276 884 402 926 promovere
419 885 476 921 eum,
488 873 527 926 qui
543 886 588 914 101
605 871 686 927 poterit
702 871 804 923 residere,
816 870 867 922 nisi,
886 870 1034 927 praerogativo

163 941 236 997 aliquo
253 940 350 997 speciali,
370 942 417 996 ejus
434 941 534 984 absentia
551 942 695 997 suppleatur?
713 946 735 984 at
752 946 838 985 constat
855 943 1032 998 praerogativum

163 1012 241 1063 ullum,
254 1011 367 1054 absentiae
378 1011 537 1064 excussurum,
549 1026 594 1054 non
600 1025 664 1067 posse
675 1012 764 1068 reperiri
772 1013 795 1054 in
802 1012 847 1053 ullo
857 1016 960 1054 extraneo
977 1026 1034 1054 corn·

162 1085 237 1138 parato
248 1081 277 1123 ad
292 1080 396 1124 Ultoniae
413 1081 545 1137 indigenas:
569 1096 621 1124 nam
634 1082 654 1124 si
669 1082 816 1132 nobilitatem,
833 1081 932 1124 moribus
949 1085 971 1123 et
987 1081 1037 1123 doo-

160 1153 232 1194 trinae
243 1152 378 1208 adjunctam,
395 1152 445 1208 quis
456 1152 619 1204 desideraverit,
630 1152 655 1193 in
667 1151 758 1195 Ultonia
768 1151 861 1207 reperiet
877 1151 1035 1194 Nobilissimos

162 1227 184 1265 et
195 1223 342 1274 doctissimos,
355 1224 393 1279 qui
409 1224 453 1267 nisi
469 1224 565 1281 reliquos
583 1224 656 1280 Regni
673 1224 779 1266 excedant
797 1223 825 1265 ad
841 1224 917 1265 minus
935 1237 980 1265 101
999 1237 1035 1264 ex-

162 1294 277 1336 ceduntur.
309 1293 337 1338 Si,
358 1294 437 1336 merita
456 1294 548 1349 insuper
568 1295 677 1350 maJ'orum
698 1298 720 1336 et
740 1294 835 1345 Patriae,
857 1308 903 1336 non
923 1298 958 1336 est
979 1293 1037 1335 inter

162 1369 277 1408 extraneos
293 1368 315 1406 et
327 1364 469 1408 Ultonienses
487 1365 549 1409 locus
568 1358 743 1421 comparationis,
755 1369 781 1408 ut
797 1366 909 1408 constabit
918 1380 945 1407 ex
956 1369 1034 1421 quarta

162 1437 254 1479 ratione.
285 1435 321 1477 Ad
339 1436 392 1492 quid
412 1451 462 1492 ergo
482 1426 610 1492 promovere
630 1441 759 1480 extraneum
780 1438 818 1493 qui
838 1438 861 1480 in
878 1438 971 1480 Ultonia
987 1452 1032 1480 101

161 1507 243 1561 poterit
259 1497 354 1548 residere
376 1507 395 1549 si
412 1520 480 1562 aeque
495 1507 644 1550 benemeritus
663 1509 784 1563 reperiatur
804 1522 831 1550 ex
849 1509 933 1560 eadem,
953 1508 991 1564 qui
1008 1513 1031 1550 et

163 1576 230 1619 simul
239 1577 264 1618 in
275 1590 299 1618 01
309 1575 414 1619 residebit
427 1574 462 1632 (ut
470 1578 520 1632 jure
531 1578 611 1629 divino,
619 1578 716 1620 naturali
726 1582 748 1620 et
758 1578 861 1620 canonico
872 1582 961 1621 tenetur
972 1578 1031 1634 quis-

163 1661 205 1703 que
215 1646 299 1689 liabens
317 1660 393 1690 curam
404 1647 538 1701 animarum)
550 1652 572 1691 01
588 1648 729 1704 gratissimus
745 1648 787 1690 erit
796 1648 921 1700 Nobilitati,
934 1648 997 1690 Clero
1008 1654 1030 1691 et

162 1718 249 1774 populo.

207 1790 231 1831 4⁰
247 1789 321 1832 Tertia
333 1790 389 1832 ratio
404 1793 426 1832 et
440 1789 530 1845 quidem
548 1790 609 1833 valde
627 1804 709 1847 urgens
727 1795 760 1833 est
777 1790 835 1847 quod
853 1806 880 1833 ex
896 1790 1034 1847 promotione

162 1860 254 1917 alicujus
276 1862 361 1904 externi
388 1861 415 1904 ad
440 1861 519 1904 Sedem
543 1861 689 1904 Armaoanam
714 1876 795 1918 magna
821 1862 900 1905 Prov²⁰·
927 1862 1031 1904 Ultoniae

163 1936 266 1975 secutura
287 1934 332 1976 sint
348 1934 444 1977 damna:
463 1935 598 1989 experientia
619 1948 716 1990 namque
736 1937 823 1977 constat
843 1933 959 1976 Ultoniam
980 1947 1036 1989 quae

161 2004 205 2046 fuit
216 2002 362 2046 seminarium
377 2004 484 2047 bonarum
500 2005 618 2055 virtutum,
628 2005 651 2046 in
668 2005 728 2047 ouria
744 2008 899 2046 extraneorum
909 2004 1034 2058 Archiepis-

161 2088 236 2117 corum
247 2073 343 2116 multum
355 2088 406 2116 suae
418 2074 540 2129 splendoris
551 2078 574 2116 et
584 2074 682 2115 nominis
692 2073 814 2129 perdidisse
824 2089 829 2114 :
841 2077 938 2129 tempore
949 2073 1032 2115 etenim

161 2144 305 2201 promotionis
320 2143 374 2186 Dni.
385 2144 446 2186 Petri
461 2144 583 2187 Lambardi
598 2143 626 2185 ad
641 2143 764 2186 Ecclesiam
775 2142 921 2185 Armacanam
937 2143 1030 2186 Ultonia

161 2216 240 2259 hebuit
266 2218 351 2271 septem
371 2215 494 2271 Episcopos
520 2215 643 2271 indigenas,
663 2214 754 2270 reliquis
770 2214 894 2257 Hiberniae
912 2215 1031 2270 provinciis

162 2290 239 2343 utpote
246 2287 301 2342 jugo
314 2286 473 2329 haereticorum
484 2285 590 2341 subjectis
599 2284 703 2340 praelatis
711 2285 800 2327 omnino
812 2284 941 2328 destitutis:
954 2285 1034 2341 quibus

162 2359 265 2410 mortuis,
277 2357 303 2401 ob
314 2357 390 2401 odium
401 2358 472 2414 gentis
483 2357 595 2409 Ultcniae,
602 2357 678 2399 taliter
684 2357 767 2400 restitit
776 2356 848 2399 dictus
858 2357 917 2399 Dns.
928 2356 1034 2399 110111111-

163 2430 205 2473 dus
223 2433 249 2472 ut
266 2429 370 2472 continuo
383 2428 545 2485 Septemdecim
561 2443 669 2471 annorum
688 2429 761 2485 spacio
773 2428 864 2471 Ultonia
882 2428 1034 2471 Praelatorum

164 2502 242 2545 solatio
259 2501 367 2545 destituta
382 2501 495 2554 manserit,
507 2501 586 2544 creatis
602 2500 693 2543 interim
711 2501 738 2543 de
755 2500 848 2543 factione
865 2500 944 2544 suain
959 2500 1033 2543 nativa

162 2572 274 2628 provincia
290 2575 312 2615 et
330 2571 473 2615 vicinioribus
494 2576 543 2614 octo
563 2571 597 2614 vel
619 2571 695 2614 decem
723 2571 787 2627 Epis.
812 2571 856 2613 imo
877 2570 964 2626 quando
982 2574 1033 2613 ante

162 2642 278 2686 biennium
293 2643 410 2686 clementia
427 2642 481 2685 Smi.
493 2641 552 2686 D.N.
565 2646 586 2685 et
596 2641 712 2698 vigilantia
721 2642 773 2684 Hp.
784 2646 806 2684 et
814 2641 868 2683 RQ·
880 2641 938 2685 D.V.
949 2641 1031 2694 iactum

163 2713 205 2756 fuit
223 2718 249 2757 ut
265 2714 288 2756 in
299 2713 414 2756 Provincia
433 2713 537 2756 Ultoniae
554 2713 621 2769 aliqui
640 2713 772 2769 eligerentur
789 2712 892 2768 episcopi,
910 2711 1030 2754 intantum

162 2786 246 2828 restitit
262 2787 374 2842 praefatus
391 2786 448 2828 Dns.
459 2785 606 2838 Lombardus,
627 2789 653 2828 ut
667 2800 718 2829 oum
735 2789 821 2841 praeter
841 2785 911 2839 ipsius
926 2785 1029 2827 conatum

115 2870 117 2874 ’
162 2868 208 2897 rem
222 2858 270 2911 jam
286 2858 386 2901 effectam
397 2858 495 2910 vidisset,
508 2859 621 2915 scripserit
636 2858 740 2915 praefatis
750 2856 873 2913 llpiscopis⁷
886 2855 932 2897 suis
942 2854 1028 2906 amicis,

161 2924 296 2980 prohibendo
314 2942 343 2970 ne
360 2928 440 2972 electos
457 2929 601 2973 Ultonienses
619 2931 778 2972 consecrarent.
809 2926 836 2967 In
848 2924 1029 2981 Gollegiisetiam

162 2996 258 3053 Belgicis
270 2999 361 3042 Gallicis
372 3004 395 3042 et
404 3000 534 3055 Hispanicis
545 3000 642 3044 fundatis
656 3000 744 3055 quidem
757 3011 800 3039 101
812 3010 850 3052 pro
861 3011 906 3041 una
916 2996 951 3041 vel
961 2997 1029 3042 altera
