2416 3337
380 143 524 174 srremneruu
540 142 681 174 ossournusn.
754 157 755 161 =
938 131 966 173 23
1002 133 1004 137 ’

99 309 165 337 omne
180 293 286 335 auxilium
300 297 322 335 et
333 291 457 336 subsidium
473 289 501 332 ad
516 289 576 332 hunc
589 290 664 331 finem.
697 288 790 331 Illorum
807 289 897 330 nomina
913 304 967 331 nou-

99 365 152 407 dum
164 366 244 419 excepi.

143 436 223 478 Monni
237 436 320 479 Duum.
337 435 482 486 Feltrensem,
500 439 526 476 ut
542 449 607 491 super
623 434 665 476 hoc
681 434 837 476 certificeretur
847 447 859 475 a
870 433 929 476 Dno.
942 433 968 475 de

98 507 233 550 Granduella
244 512 265 551 et
276 509 302 552 de
318 509 410 552 veritate
420 508 485 563 plene
496 507 634 549 informetur.

143 576 184 621 8²³³
199 579 226 620 V·
243 593 330 636 semper
345 581 482 635 cooperetur
498 578 575 634 gratiis
592 577 634 620 sibi
651 591 663 618 a
685 576 740 619 Jesu
758 575 846 618 Christo
863 576 967 618 exhibitis

95 653 117 691 ct
133 654 214 693 certam
230 653 320 707 recipiet
336 667 348 694 a
366 652 414 694 Deo
430 650 602 694 consolationem
619 653 641 692 et
657 648 784 702 salutarem,
796 653 872 691 contra
888 663 966 692 omnes

95 721 177 773 hostes,
191 722 218 765 ad
228 724 275 779 ejus
287 723 387 779 gloriam,
401 722 557 779 Triumphum.

141 793 252 849 Quidquid
262 795 319 836 mihi
331 793 371 836 8²³³
384 794 411 836 V.
423 793 558 850 praeceperit
574 798 594 836 et
610 792 756 844 mandaverit,
768 795 858 847 paratus
875 805 926 834 sum
943 794 964 832 et

94 862 196 912 libenter,
207 866 229 904 et
240 864 287 905 sine
298 864 371 919 aliquo
387 864 466 906 timore
484 860 582 919 (etiamsi
598 878 671 906 coram
687 862 835 920 Principibus,
853 867 891 905 aut
905 876 966 917 mag-

94 934 183 976 natibus
197 932 307 989 jusseris),
324 935 402 989 exequi
418 939 439 977 et
455 935 565 977 talentum
576 936 631 977 mihi
647 950 660 977 a
674 936 722 977 Deo
739 949 868 977 concessum
885 948 962 977 secun-

94 1003 147 1045 dum
157 1005 251 1060 gratiam
262 1005 359 1046 suumin
370 1004 411 1047 hoc
422 1005 509 1047 infirmo
521 1019 608 1061 corpore
619 1020 659 1061 pro
668 1006 716 1061 ejus
728 1005 796 1060 gloria
807 1004 943 1060 impendere.

138 1077 204 1119 Mitto
225 1077 360 1119 memorialia
376 1080 475 1119 actorum
492 1092 505 1119 a
525 1077 632 1132 principio
653 1076 764 1131 Colloquii
782 1089 853 1131 usqne
877 1075 905 1117 ed
923 1074 965 1116 XI.

93 1147 222 1189 Decembris
243 1147 358 1200 inclusive,
381 1161 436 1203 qnae
455 1161 515 1191 nunc
533 1147 611 1203 recepi,
633 1150 656 1188 et
672 1161 711 1202 per
730 1146 846 1189 literarum
865 1145 966 1188 ordinem

94 1219 198 1275 conjunxi
208 1220 346 1262 festinanter.

296 1313 332 1355 Ex
343 1312 472 1367 Wormatia,
484 1314 532 1356 XV.
545 1313 681 1363 Decembris,
695 1312 777 1355 1540ss

245 1387 283 1432 Sffil·
298 1389 327 1432 V.
614 1389 715 1432 Humilis
726 1390 808 1446 pedum
819 1389 964 1440 deosculator,

773 1480 800 1521 R.
817 1479 933 1521 Venouor.
958 1477 959 1480 ’

140 1687 150 1740 ἓ
162 1687 289 1730 5.-101101·
299 1693 320 1729 10
333 1688 441 1730 Oordirrct
451 1688 559 1741 Forccsc,
565 1688 627 1743 fhoca
641 1687 733 1738 Worors,
746 1688 759 1731 7
770 1687 834 1738 Jcn„
847 1687 913 1728 1541„

215 1803 391 1847 Innusrnrssnro
406 1818 435 1847 nr
451 1804 508 1846 an.
526 1803 554 1845 D.
574 1802 699 1845 Cenomani
715 1802 836 1845 Frsrusro.

605 1909 735 1960 Wormcrtc,
753 1911 766 1953 7
783 1909 846 1960 Jdrc„
865 1909 932 1951 1541.

135 2015 163 2057 In
182 2015 218 2057 his
233 2016 350 2071 angustiis,
367 2017 447 2071 quibus
463 2016 500 2057 lric
516 2015 640 2070 affligimur,
661 2015 742 2057 litteris
758 2015 962 2057 Rererendissimae

89 2086 253 2128 Dominationis
265 2086 357 2129 Vestrae
368 2101 419 2129 sum
435 2086 569 2139 consolatus,
587 2101 641 2142 quas
658 2087 748 2142 quidem
763 2087 857 2129 Hostiae
868 2087 907 2128 220
917 2087 961 2128 De·

89 2156 182 2199 cembris
193 2158 326 2213 conscriptas
336 2151 368 2209 411ο
378 2158 393 2199 J
394 2158 478 2200 annai-ii
489 2160 568 2214 recepi.

134 2226 229 2269 intendo
240 2227 347 2283 colloquio
358 2227 399 2269 hoc
410 2228 480 2280 finito,
493 2229 557 2271 factis
574 2232 595 2270 et
610 2243 656 2271 non
672 2229 744 2272 uerbis
759 2243 798 2285 per
814 2229 857 2271 Dei
867 2230 960 2284 gretiam

92 2297 231 2340 Sanctissimi
241 2298 332 2341 Domini
342 2297 420 2342 Nostri
435 2303 457 2341 01
474 2299 502 2341 B..
518 2299 585 2342 Dom.
597 2300 691 2343 Vestrae
708 2301 855 2357 expectationi
870 2315 960 2358 respon-

88 2368 145 2411 dere.

133 2439 199 2481 Prius
210 2439 288 2495 scripsi
298 2454 364 2495 quam
376 2454 437 2496 spem
455 2441 482 2483 de
497 2441 539 2484 hoc
556 2442 664 2498 colloquio
682 2444 826 2498 conceperim,
844 2444 902 2499 quod
913 2445 960 2500 qui-

87 2509 253 2566 demtanquem
270 2511 379 2553 tossicum
397 2511 573 2555 Protestantium
591 2513 642 2556 dolo
660 2517 799 2569 procreatum
815 2518 855 2565 est,
873 2519 898 2556 ut
914 2519 959 2558 tres

87 2581 202 2637 Principes
218 2581 300 2625 occulte
317 2583 350 2626 eis
360 2584 423 2639 prins
438 2584 544 2638 fauentes,
557 2599 617 2627 nune
633 2589 708 2641 aperte
725 2599 748 2628 se
764 2585 887 2629 declarandi
898 2601 958 2629 occa-

88 2652 171 2695 sionem
184 2652 294 2696 haberent.

132 2723 166 2765 De
176 2724 227 2766 istis
237 2739 282 2767 non
294 2724 369 2768 dubito
380 2726 407 2768 D.
419 2726 573 2770 Mutinensem
584 2731 659 2784 aperte
671 2727 771 2780 scribere,
785 2732 807 2770 01
817 2727 843 2770 de
853 2729 956 2772 omnibus

87 2807 142 2849 qnae
153 2797 260 2846 rationem
272 2797 382 2853 Colloquii
393 2803 536 2852 concernunt,
553 2805 575 2843 et
591 2805 696 2853 actorum,
710 2814 764 2857 quae
774 2803 891 2856 postquam
903 2801 958 2844 scivi

86 2865 151 2909 illum
162 2867 276 2923 diligentia
293 2883 332 2913 sua
347 2885 360 2913 a
376 2870 544 2926 Maguntinensi
561 2888 625 2917 sunm
642 2873 749 2928 originale
762 2872 857 2926 recipere
873 2876 895 2914 et
905 2874 956 2916 mit-

290 2993 399 3027 ‘Endorsed
412 2999 421 3013 “
427 2996 515 3038 Reoeptae
524 2998 595 3040 Romae,
605 2999 627 3030 29
636 2996 753 3030 Decembres
