2416 3337
473 203 614 234 srrornacruu
630 202 773 232 ossoarnusn.
1013 189 1057 231 215

191 364 266 393 verum
285 350 386 392 catholici
403 349 427 390 in
445 348 522 404 majori
541 361 631 390 numero
650 354 709 393 sunt.
751 350 778 391 Iu
797 348 900 389 omnibus
918 349 1057 403 procedimus

192 423 308 478 (quantum
318 420 400 476 injuria
410 424 534 474 temporum
545 415 637 474 patitur)
650 420 772 463 secundum
789 432 889 461 normam
905 422 928 460 et
937 420 1056 475 praescrip-

190 496 239 533 tum
248 491 314 533 Ocno.
325 490 386 532 Trid.
411 489 564 544 Hoctempore
572 493 657 545 praeter
665 491 750 548 aliquos
758 491 813 533 alios
823 489 952 541 sacerdotes,
966 489 1057 546 quadra-

190 560 252 616 ginta
263 561 318 603 duos
331 557 389 616 (laus
401 561 456 613 Deo)
468 560 575 603 habemus
586 561 609 602 in
620 565 696 604 nostra
707 562 809 605 Dioecesi
822 560 962 604 Sacerdotes:
979 561 1003 602 in
1015 575 1057 616 qua

190 636 241 674 ante
252 636 349 676 nostram
359 633 383 675 in
395 633 466 676 eamd.
474 634 640 689 promotionem,
653 634 758 678 tredecim
765 637 853 677 tantum
860 634 951 676 fuerunt
959 630 1057 686 parochi.

189 704 270 747 Nostra
280 704 414 748 Dioecesana
426 708 448 746 et
458 704 603 748 Prouincialia
614 710 698 749 statuta
708 721 779 764 nuper
790 706 918 749 confirmata
928 717 965 759 per
978 702 1057 746 Sedem

188 776 267 832 Apam.
280 777 414 820 adamussim
426 791 438 818 a
449 777 530 820 nostris
541 776 835 835 Sacerdotibuslauniliante
844 776 1009 831 Omnipotente)
1019 775 1057 817 ob-

188 850 268 892 serrari
277 849 376 892 facimus.
395 849 472 891 Testes
479 849 594 904 synodales
602 849 716 894 habemus.
729 852 784 893 Prae
791 850 870 892 timore
879 848 1055 890 Protestantium

188 926 305 962 convocare
315 920 338 961 in
350 933 420 960 unum
431 919 579 974 capitulariter
590 934 665 963 omnes
677 925 765 964 nostros
777 919 906 963 Sacerdotes
918 920 951 972 (ut
959 933 1055 962 oenones

186 988 346 1044 praescribunt)
363 1002 409 1030 non
426 988 538 1039 audemus,
556 989 595 1031 sed
610 993 715 1046 cujusque
732 991 849 1033 decanatus
867 989 994 1032 Sacerdotes
1006 990 1052 1033 sin-

187 1059 246 1115 gulis
257 1060 321 1102 annis
331 1060 354 1101 in
364 1059 438 1101 locum
455 1059 578 1101 solitarium
594 1061 743 1116 capitulariter
762 1061 824 1116 quasi
839 1074 982 1103 convocamus
994 1075 1053 1117 eosq.

186 1131 242 1173 inibi
249 1132 314 1188 juxta
321 1130 378 1187 juris
390 1131 521 1186 exigentiam
528 1131 649 1174 visitamus.
667 1132 729 1175 Haec
737 1131 847 1188 siquidem
856 1134 932 1173 nostra
940 1132 1053 1174 Dioeoesis

187 1203 309 1259 antiquitus
320 1203 343 1245 in
355 1206 438 1258 septem
449 1216 526 1257 parvos
536 1203 580 1245 fuit
590 1202 659 1246 divisa
667 1200 802 1246 Decanatrrs.
836 1201 934 1257 Quisque
944 1202 1054 1259 parochus

187 1288 238 1317 suos
264 1275 327 1317 docet
351 1274 494 1330 parochianos
513 1274 593 1317 Xnam.
613 1275 742 1325 doctrinam,
762 1274 857 1328 singulis
876 1272 955 1315 saltem
976 1273 1054 1315 diebus

185 1346 270 1389 Dnicis.
282 1346 327 1402 idq.
338 1346 361 1388 in
380 1346 434 1389 locis
449 1346 545 1397 seeretis,
558 1350 622 1402 atque
640 1346 795 1389 silvestribus:
812 1346 843 1388 ibi
862 1346 942 1389 missas
960 1346 1054 1388 celebrat

185 1421 322 1460 sustentatus
334 1416 470 1460 solummodo
487 1416 629 1472 eleemosynis
645 1417 745 1459 fidelium
763 1415 927 1460 Catholicorum
943 1416 990 1458 sine
1006 1416 1052 1458 ullo

185 1488 283 1530 subsidio
293 1488 433 1542 proveniente
444 1501 471 1528 011
480 1487 576 1529 Eoclico.
589 1501 655 1529 censu
666 1504 671 1530 z
684 1489 742 1530 sicut
750 1492 772 1530 et
783 1501 824 1529 nos
835 1487 878 1543 ipsi
890 1491 1050 1538 sustentamur,

184 1562 207 1600 et
217 1558 297 1600 alimur
308 1558 353 1600 sola
362 1557 524 1600 Catholicorum
533 1557 646 1600 devotione
658 1559 854 1614 etparticipatione
861 1558 1050 1612 eleemosynarum

183 1633 270 1673 nastror
282 1629 424 1672 Sacerdotum
435 1630 482 1671 sine
492 1628 537 1670 ullo
547 1633 653 1684 proventu
664 1630 759 1672 Ecclico.
772 1630 908 1672 sustinentes
920 1630 976 1682 (laus
992 1630 1049 1681 Deo)

183 1701 270 1758 pondus
281 1701 324 1743 diei
335 1706 356 1744 et
366 1705 448 1752 aestus,
461 1705 482 1742 et
492 1701 603 1756 fugientes
614 1701 640 1743 de
652 1700 717 1744 domo
728 1703 751 1743 in
763 1702 861 1752 domurn,
872 1705 894 1742 et
904 1701 931 1742 de
940 1704 1016 1741 monte
1026 1700 1050 1741 in

183 1772 267 1828 sylvam
278 1776 395 1828 sequentes
405 1772 498 1828 vestigia
510 1771 626 1814 Salvatoris
634 1773 712 1823 nostri,
723 1773 802 1827 spiritu
810 1772 882 1827 ipsius
893 1771 993 1821 elucente,
1005 1784 1050 1812 non

182 1842 289 1885 habentes
300 1842 336 1884 hic
353 1843 463 1884 civitatem
479 1846 650 1897 permanentem,
671 1842 709 1885 ubi
728 1843 862 1885 reclinemus
881 1845 952 1897 caput.
985 1841 1051 1884 Unde

182 1914 280 1956 multum
290 1914 391 1969 expedire
403 1914 487 1956 ridetur
498 1914 526 1965 (si
539 1914 561 1955 S.
575 1913 691 1956 Sanctitati
701 1916 856 1967 visunriuerit)
866 1919 892 1956 ut
902 1915 926 1956 in
936 1917 1050 1970 posterum

182 1985 275 2027 durante
287 1984 405 2027 schismate
416 1986 439 2026 in
450 1984 491 2026 hcc
502 1984 581 2026 afflicto
592 1999 659 2040 regno
669 1986 745 2028 nullus
754 1987 781 2028 ad
793 1990 878 2028 statum
889 1985 988 2041 Epalem.
1000 1999 1049 2040 pro-

181 2061 301 2108 moveatur,
313 2058 394 2100 nisiex
405 2057 447 2099 fide
458 2057 531 2113 dignis
543 2057 637 2100 testibus
648 2063 749 2113 repertus
760 2059 830 2101 bonos
838 2062 861 2100 et
868 2058 959 2099 intimos
967 2056 1047 2098 habere

183 2128 311 2178 saeculares,
323 2130 424 2183 potentes
441 2142 491 2168 eum
508 2130 637 2179 sustentare,
650 2128 729 2179 101010,
742 2132 763 2170 01
779 2128 842 2179 alere,
856 2127 920 2169 aliter
931 2141 988 2178 saue,
1001 2127 1046 2168 nisi

181 2198 285 2241 miracula
303 2201 424 2254 patrentur,
443 2201 515 2239 status
532 2197 616 2253 Epalis.
633 2198 731 2249 11100001,
751 2202 774 2240 01
792 2201 945 2240 contemnetur
965 2197 988 2238 in
1008 2196 1045 2239 his

181 2270 253 2313 terris.
285 2270 390 2311 Imminet
407 2269 466 2311 enim
481 2270 528 2325 jam
546 2269 647 2312 omnibus
659 2269 727 2324 hujus
738 2269 831 2313 desolati
841 2270 914 2324 Regni
926 2268 1045 2312 Catholicis

180 2341 317 2383 mortiferum
324 2344 368 2382 tam
377 2340 521 2395 spiritualium
534 2354 600 2396 quam
610 2341 764 2396 temporalium
775 2340 883 2383 bonorum
893 2340 945 2392 (nisi
956 2340 1044 2382 misera·

180 2415 215 2454 tor
223 2415 245 2454 et
252 2411 451 2471 misericorsDuus.
457 2411 520 2453 nobis
528 2411 574 2453 suis
582 2412 720 2467 pauperculis
730 2412 772 2454 cito
780 2412 901 2464 succurrat)
907 2411 1045 2454 omnimodae

180 2483 365 2538 supplantationis
376 2481 503 2538 periculum.
536 2481 634 2524 Oenones
652 2482 760 2539 siquidem
781 2484 815 2536 (ut
826 2484 913 2536 vocant)
926 2483 1044 2525 nonnullos

178 2568 238 2596 nrae.
250 2553 370 2609 Religionis
383 2554 411 2607 (si
429 2552 452 2595 id
470 2542 582 2609 permittat
598 2553 747 2609 omnipotens)
765 2555 871 2598 radicitus
890 2555 1042 2605 destructiros,

179 2624 248 2681 Regia
258 2626 394 2678 auctoritate,
414 2626 519 2682 primates
538 2625 605 2682 huJ'us
624 2625 696 2682 Regni
713 2627 864 2670 Protestantes
884 2626 925 2668 hoc
935 2626 1043 2682 praesenti

178 2700 276 2752 tempore
287 2696 409 2748 ediderunt,
421 2697 500 2752 quibus
512 2697 586 2739 stricte
602 2701 690 2740 cautum
707 2702 748 2749 est,
766 2703 791 2741 ut
807 2712 883 2741 omnes
894 2698 960 2754 hujus
970 2696 1043 2753 Regni

177 2767 261 2811 incolae
269 2768 310 2811 sub
318 2768 420 2811 maximis
429 2769 506 2824 poenis
513 2769 628 2821 fateantur,
638 2772 660 2812 et
669 2774 781 2826 acceptent
791 2770 959 2812 Serenissimum
967 2782 1040 2810 nrum.

178 2837 261 2893 Regem
273 2843 379 2895 tanquam
390 2853 518 2894 supremum
527 2839 551 2882 in
569 2840 726 2895 spiritualibus,
740 2845 762 2883 et
772 2839 928 2896 temporalibus
938 2842 1003 2893 caput
1018 2839 1042 2881 in

178 2909 281 2951 omnibus
293 2906 340 2952 suis
351 2909 485 2962 Ditionibus,
498 2915 587 2953 cautum
598 2913 670 2963 etiam,
684 2916 706 2954 et
714 2912 870 2968 proclamatum
879 2912 920 2959 est,
930 2911 954 2951 ut
965 2922 1042 2951 omnes

178 2980 248 3022 nostri
255 2982 412 3036 cujuscumque
419 2983 497 3024 aetatis
502 2983 594 3038 juvenes
602 2987 623 3026 et
630 2983 739 3027 scholares
746 2984 888 3031 instruantur,
894 2983 915 3022 et
924 2979 1044 3023 educentur

179 3066 192 3094 a
206 3050 365 3106 ludimagistris
377 3051 560 3107 Protestantibus,
573 3059 595 3097 et
612 3059 636 3097 ut
652 3067 728 3097 omnes
739 3051 872 3095 habitatores
885 3049 951 3107 (quod
962 3055 1045 3095 avertat
