2416 3337
218 192 262 234 288
504 204 649 236 srrcrnncrurr
665 205 810 238 osseamusn.

154 342 155 345 ¹
214 351 311 394 virorum
323 355 345 394 61
355 353 470 396 fortiorum
487 352 552 395 Saxis
569 353 607 410 qui
619 367 655 396 eos
672 357 735 398 tanta
751 359 825 412 strage
839 356 968 413 repulerunt
984 359 1009 398 ut
1026 360 1088 399 totus

213 422 322 466 exercitus
351 427 439 466 coactus
467 423 535 466 luerit
562 424 704 468 obsidionem
732 425 811 474 levare.
856 427 951 470 Interim
972 426 1089 470 Generalis

214 493 327 549 Lageniae
343 495 415 538 Dnus.
431 495 526 538 Preston
543 495 630 538 advenit
648 500 670 538 et
688 496 791 540 inimicos
807 501 936 553 persecutus
948 501 981 541 est
992 501 1014 540 et
1024 498 1089 541 variis

215 567 355 611 conflictibus
378 568 444 611 multi
465 568 570 623 utrinque
586 567 719 618 ceciderunt,
737 568 777 610 secl
792 569 863 612 multo
884 570 958 624 plures
980 584 1007 612 ex
1027 574 1089 627 parte

214 638 361 682 inimicorum
366 654 372 690 ;
390 644 412 682 et
423 653 450 680 ex
460 639 547 680 duabus
557 638 650 680 naribus
662 652 717 694 quae
728 643 833 680 venerant
843 653 883 695 pro
895 640 993 682 subsidio
1005 656 1088 693 eorum,
1153 683 1155 686 .

213 725 283 755 unam
293 712 413 754 tormentis
422 711 446 751 in
457 709 550 752 flumina
566 709 693 761 submersit,
711 709 807 752 alterum
819 710 890 766 coepit
905 710 972 753 simul
983 725 1035 754 cum
1046 717 1089 755 tor-

214 787 375 837 montemagno
385 781 462 824 bellico
472 784 493 823 61
505 780 554 822 aliis
565 780 741 832 munitionibus3
754 780 828 824 adhuc
839 782 940 824 inimicos
949 784 1089 839 persequitur

213 857 234 895 et
245 853 343 909 quotidie
354 852 470 895 detruncat
488 855 510 894 et
522 865 637 908 speramus
649 851 708 908 quod
718 855 780 908 totus
789 852 826 895 hic
837 853 946 896 exercitus
963 854 1087 905 excidetur3

211 938 263 967 nam
274 938 352 968 omnes
370 924 417 967 viae
428 924 509 980 quibus
526 927 618 979 possent
634 925 725 967 evadere
736 928 791 967 sunt
806 925 898 968 vallatae
915 929 937 967 et
953 924 1055 969 obsessae
1067 930 1088 968 et

210 994 254 1050 ipsi
269 995 293 1037 in
309 1009 390 1051 magna
407 995 501 1052 penuria
516 994 595 1038 victus.
628 994 652 1037 Si
669 995 706 1037 hic
717 995 827 1038 exercitus
846 996 979 1048 destruetur,
1001 997 1088 1040 favente

211 1065 264 1116 Dec,
275 1069 324 1109 tota
334 1067 366 1109 vis
378 1066 504 1122 Anglorum
520 1066 545 1108 in
560 1064 676 1121 Hybornia
693 1066 784 1108 ruinam
801 1067 905 1122 patietur,
924 1080 976 1110 eum
1000 1067 1088 1111 nullum

213 1137 338 1181 subsidium
349 1142 439 1194 sperent
450 1152 477 1180 ex
487 1137 568 1192 Anglia
579 1137 629 1193 quia
641 1140 662 1179 61
672 1137 754 1179 ibidem
766 1136 849 1180 bellum
861 1138 936 1180 saevit.

255 1208 351 1251 Interim
362 1209 417 1251 sciat
427 1208 453 1250 P.
466 1208 492 1250 V.
504 1206 562 1262 quod
578 1208 602 1249 in
618 1206 659 1248 hac
675 1206 763 1248 ciuitate
778 1207 899 1249 fortissima
915 1208 973 1249 sicut
983 1207 1007 1249 in
1018 1207 1086 1250 variis

211 1278 262 1321 aliis
282 1279 408 1322 civitatibus
429 1282 451 1320 et
471 1278 569 1320 maxima
589 1280 651 1333 parte
671 1277 755 1333 patriae
775 1291 852 1321 omnes
863 1278 971 1333 Religiosi
981 1279 1087 1321 incedunt

210 1350 288 1392 habitu
304 1350 407 1405 regulari,
425 1349 499 1391 clerici
517 1348 612 1391 clericali
619 1363 625 1399 3
646 1349 729 1391 Missae
739 1349 845 1392 dicuntur
855 1350 997 1398 inEcclesiis
1011 1365 1087 1393 recon-

209 1420 296 1473 ciliatis,
302 1421 410 1477 Religicsi
421 1423 551 1476 acceperunt
561 1421 725 1476 possessionem
734 1421 923 1465 lllcnasteriorum
931 1437 1022 1466 suorum
1031 1436 1086 1479 quae

210 1490 326 1544 reficiunt;
346 1490 473 1534 Sacerdotes
488 1489 616 1533 reddituum
626 1489 849 1543 Ecclesiasticorum3
866 1493 1017 1548 processiones
1029 1493 1087 1535 fiunt

207 1562 316 1619 publicae,
330 1562 367 1606 &a

253 1635 304 1679 Duo
330 1636 436 1678 fortalitia
457 1635 581 1691 Anglorum
603 1648 615 1675 a
635 1635 719 1677 nostris
745 1634 875 1677 obsidentur
882 1649 888 1686 3
915 1648 987 1677 unum
1009 1648 1086 1678 eorum

208 1708 301 1750 maximi
311 1707 420 1750 momenti
431 1710 465 1749 est
481 1720 550 1762 prope
566 1706 744 1757 Waterlordiem
763 1710 823 1748 terra
838 1705 937 1761 marique
954 1705 1084 1757 obsessum;

211 1779 307 1822 alterum
324 1779 400 1834 procul
419 1792 431 1820 a
447 1779 504 1820 mari
519 1792 564 1820 non
580 1779 612 1820 ita
626 1778 682 1820 forte
694 1777 732 1820 sed
745 1777 801 1820 bene
812 1778 947 1820 instructum
958 1777 1082 1821 militibus:

212 1854 286 1893 tamen
295 1849 380 1892 nullius
391 1849 436 1891 illis
447 1852 515 1892 restat
527 1863 577 1905 spes
586 1848 686 1901 subsidii,
695 1863 745 1891 cum
752 1849 878 1905 praedictus
887 1850 995 1891 exercitus
1006 1850 1030 1891 in
1042 1863 1085 1905 quo

210 1921 244 1964 ris
260 1921 402 1963 inimicorum
419 1918 554 1963 consistebat
567 1921 599 1962 ita
613 1920 736 1962 confractus
755 1920 786 1961 sit
804 1923 830 1961 ut
848 1918 934 1975 prodire
946 1918 973 1961 ad
990 1918 1084 1975 longum

210 1995 299 2046 tempus
310 2004 356 2032 non
366 1990 445 2046 possit.
477 1990 531 2032 Vale
543 1993 565 2032 61
575 1990 622 2033 vire
632 1993 655 2031 61
666 1989 739 2032 saluus
747 1992 863 2032 revertere.

254 2072 367 2126 Limcrioi,
381 2072 448 2124 1643,
462 2073 484 2115 1ο
494 2072 586 2129 Aprilis.

571 2167 597 2209 V.
608 2165 632 2208 R.
646 2165 771 2209 Conserrus
780 2165 804 2207 in
815 2162 874 2208 Dno.
886 2164 912 2206 F.
924 2164 948 2207 O.
961 2163 984 2205 G.
996 2163 1021 2205 O.

317 2513 323 2531 ⁹
587 2507 691 2549 CXXIII.

208 2626 304 2667 Lnrrna
314 2634 342 2666 or
353 2620 395 2663 Fa.
414 2618 510 2662 Gnoson
526 2621 622 2673 Drnnou,
641 2622 696 2673 S.J.,
709 2634 736 2664 ro
752 2621 827 2671 Rosia,
838 2622 883 2663 3an
899 2618 1000 2670 Aucusr,
1014 2620 1079 2662 1643.

448 2732 509 2775 (Facu
520 2740 557 2764 rna
569 2733 634 2765 Jnsurr
646 2734 746 2771 1116111111,
758 2731 827 2771 Ronu.)

253 2838 310 2881 Oum
321 2836 424 2879 Dublinii
434 2834 565 2885 habitarem,
577 2832 638 2875 illius
653 2833 796 2876 Residentiae
810 2835 893 2874 statum
906 2828 942 2874 P'r-
953 2832 993 2875 Vb*
1010 2835 1080 2878 oeulis

206 2909 326 2965 quotannis
345 2921 452 2963 exponere
475 2903 587 2949 solebam:
608 2902 630 2945 id
649 2907 671 2945 61
689 2916 749 2944 nunc
766 2916 838 2958 agam,
856 2902 907 2944 lieet
926 2917 953 2946 ex
970 2904 1079 2947 sexdecim

206 2984 245 3022 aut
255 2979 416 3036 Septemdecim
432 2978 471 3034 qui
488 2976 515 3020 ad
534 2990 583 3019 eam
603 2975 729 3031 spectabant
749 2973 901 3018 Residentiam
919 2989 964 3019 non
983 2976 1079 3032 amplius

205 3063 271 3105 quarn
281 3054 326 3094 tres
337 3049 368 3092 ibi
375 3050 423 3104 jam
431 3050 553 3092 morentur.
570 3045 627 3089 Inde
634 3045 658 3089 in
668 3059 744 3102 agrum
753 3059 798 3090 non
807 3045 882 3102 procul
890 3047 988 3102 positum
996 3046 1078 3090 secessi
