2416 3337
461 166 606 197 srrornnerou
622 165 765 196 ossonmusn.
1009 151 1052 196 237

179 313 267 355 piendum
276 313 298 345 od
306 321 353 343 meos
366 318 431 343 manus
444 313 563 340 accesserunt.
593 307 632 349 Ipsi
644 316 716 339 summa
728 306 768 338 laus
780 309 798 337 et
810 305 868 337 honor
876 305 907 346 qui
919 306 962 337 talia
970 316 1001 347 per
1009 317 1052 340 suos

179 378 240 401 servos
256 368 279 400 ad
293 367 386 408 ingentem
399 363 495 397 militantis
511 361 603 396 Ecclesiae
623 362 763 394 consolationem
783 363 802 393 et
822 363 951 405 triumphantis
966 363 1052 397 honorem

179 421 283 464 operatur.''

225 477 263 509 The
269 478 342 518 present
349 475 403 508 letter
409 472 469 507 makes
478 473 543 506 known
551 475 570 505 to
578 482 600 505 us
607 472 638 505 the
646 472 704 514 hopes
712 470 806 504 cherished
814 474 875 515 hythe
887 474 976 508 Catholios
989 475 1010 507 of
1020 475 1051 508 the

178 533 244 572 North,
253 533 273 565 of
283 532 335 573 being
343 530 423 564 enrolled
430 530 450 562 in
458 530 489 562 the
497 529 547 570 royal
556 539 605 570 army
614 535 632 562 to
641 529 713 561 combat
721 528 792 570 against
800 529 831 562 the
840 530 903 563 Sootch
915 530 1007 563 Puritans.
1037 532 1053 563 Α

178 589 211 620 few
219 588 292 621 months
299 588 345 620 later
352 587 403 620 these
411 587 467 628 hopes
476 594 521 618 were
528 584 611 623 reaiized,
620 584 655 617 aud
663 594 697 616 one
706 585 724 616 oi
733 583 780 616 their
788 584 828 617 first
836 595 883 618 cares
891 596 927 623 was
931 589 950 618 to
957 585 1016 619 eolicit
1021 585 1052 619 the

179 643 306 686 appointment
314 644 334 677 of
344 643 424 677 Catholio
432 641 524 684 chaplains
532 645 550 674 to
559 640 642 674 minister
650 644 669 673 to
678 640 727 673 their
735 640 818 681 spirituod
825 645 885 676 wants.
911 642 934 674 Iu
943 642 974 674 the
983 642 1050 684 private

179 700 264 734 Archives
273 701 292 733 of
297 701 327 733 the
334 701 346 733 J
347 700 403 733 esuits
410 700 431 732 in
439 699 493 731 Rome
503 699 553 731 there
562 697 578 731 is
586 708 597 730 a
604 698 658 730 letter
666 696 737 731 written
745 700 764 730 to
771 698 828 730 Rome
833 697 856 738 hy
864 697 893 729 Fr.
899 696 966 729 Robert
974 697 1052 739 Nugent,

179 757 295 799 Superiores
307 757 337 790 the
352 756 408 790 Order
419 756 440 788 in
454 755 531 797 Ireland,
542 765 565 787 on
581 754 612 787 the
626 753 654 787 let
667 754 750 795 October,
758 753 836 793 idithim
846 753 903 786 which
915 753 939 786 he
946 753 996 795 gives
1004 763 1053 787 some

181 812 252 845 further
260 812 367 853 parriculars
375 822 399 844 on
408 811 444 845 this
452 810 496 843 head
506 824 509 844 :
523 815 532 829 “
539 809 627 851 Operariis
635 810 704 842 nostris
712 811 742 853 (he
751 810 798 851 says)
810 820 857 842 nora
864 820 912 842 nuno
921 809 985 843 messis
994 810 1053 843 oblata

180 871 209 900 est
216 877 255 899 rem
262 870 334 900 strenue
342 867 413 908 agendi,
423 866 512 907 siquidem
520 866 540 897 in
548 866 595 907 regis
603 865 684 899 exercitu
692 866 751 907 quiin
763 869 831 899 aestate
844 865 956 908 conscriptus
969 870 1002 906 est,
1010 867 1050 908 piu·

178 922 249 954 rimiae
262 923 315 963 longe
326 921 392 962 majori
404 931 478 953 numero
493 927 536 957 sunt
549 921 641 960 Catholici,
649 921 686 953 imo
694 932 732 954 non
739 925 812 954 tantum
820 922 910 964 gregarius
918 922 976 965 miles,
987 932 1050 955 verum

178 977 265 1019 signiferi,
281 976 399 1016 centuriones,
411 975 485 1014 tribuni,
500 986 520 1008 ac
533 976 639 1008 chiliarchae
653 977 722 1018 aliquot
736 977 848 1010 Catholicam
861 988 898 1010 non
910 982 983 1011 tantum
996 979 1050 1011 fidem

177 1032 291 1073 profitentur,
300 1041 361 1065 verum
370 1031 423 1064 enixe
430 1033 534 1062 nostrorum
547 1040 619 1071 operam
629 1031 749 1071 expetierunt.
780 1032 834 1063 Unde
843 1032 865 1063 ad
873 1032 1006 1073 expeditionem
1014 1036 1051 1065 tam

175 1090 251 1131 justam,
259 1089 376 1121 honorificam
385 1099 405 1121 ac
413 1087 477 1120 utilem
486 1087 531 1120 duos
540 1097 549 1120 e
558 1086 626 1119 nostris
634 1086 723 1119 destinari
731 1097 751 1119 ac
759 1087 868 1129 propediem,
879 1087 953 1120 tertium
961 1089 990 1120 vel
998 1088 1052 1120 eliam

178 1148 265 1186 quartum
278 1142 390 1186 adjungam.”
420 1144 475 1176 From
486 1153 496 1175 a
505 1143 615 1184 subsequent
622 1143 676 1175 letter
686 1153 710 1175 we
718 1143 768 1175 leam
776 1142 816 1175 that
825 1143 856 1175 the
864 1153 926 1175 names
935 1144 956 1175 of
961 1144 993 1176 the
1003 1144 1052 1177 three

177 1201 189 1233 J
190 1201 237 1234 esuit
246 1201 338 1242 chaplains
348 1210 392 1233 were
401 1199 479 1232 Thomas
488 1199 552 1232 btaber
559 1198 660 1242 (Latinized
668 1199 785 1240 nectarius),
792 1197 872 1232 Michaei
880 1199 1011 1240 Chemberlaiu,
1017 1200 1052 1233 and

178 1257 266 1291 Matthew
274 1258 382 1298 Harlegan}

180 1359 241 1402 Rom.
256 1359 316 1402 Dua.
648 1403 650 1405 .

229 1430 315 1472 Vestris
326 1430 404 1483 literis,
416 1443 470 1485 quas
482 1429 546 1472 binas
558 1431 637 1485 accepi,
650 1444 707 1473 unas
718 1443 795 1472 mense
807 1430 903 1483 Octobri,
916 1431 972 1473 alias
983 1430 1048 1475 Febr.

177 1501 248 1556 elapsi
264 1501 350 1552 ultimo,
362 1500 471 1543 hacteuus
482 1501 614 1556 respondere
630 1515 674 1543 non
691 1502 753 1556 potui
764 1505 813 1543 tum
828 1506 916 1558 propter
931 1502 1045 1546 adversam

177 1571 434 1626 corporisvaletudinem,
440 1575 489 1613 tum
495 1575 585 1627 propter
593 1572 707 1614 raritatem
715 1571 815 1614 fidelium
824 1573 988 1616 tabellariorum
997 1589 1003 1626 ;
1014 1578 1048 1617 tot

176 1642 236 1684 enim
255 1646 392 1698 compertum
407 1642 502 1684 habetur
518 1655 567 1684 esse
583 1642 698 1685 l'terarum
717 1644 882 1698 interceptores,
903 1647 927 1685 ut
944 1644 981 1686 vir
997 1645 1047 1701 quis

177 1713 239 1765 sciat,
251 1727 295 1769 qua
305 1713 339 1755 ria
354 1708 403 1755 tute
419 1712 494 1754 literas
510 1713 662 1755 transmittere
678 1713 763 1769 possit,
780 1714 993 1771 praeterquamquod
1008 1730 1046 1771 per

176 1784 331 1826 Britannicum
345 1798 452 1826 oceanum
468 1783 579 1839 navigatio
595 1785 642 1840 jam
658 1785 765 1841 temporis
780 1799 825 1828 non
845 1785 874 1828 sit
890 1786 954 1828 valde
972 1786 1047 1838 libera,

175 1859 263 1909 propter
278 1854 370 1898 rebelles
388 1855 503 1898 Scotorum
514 1858 589 1897 contra
605 1869 679 1911 regem
691 1855 785 1912 Angiiae
796 1857 910 1899 factiones.
941 1857 974 1899 Et
990 1858 1048 1913 quod

174 1926 289 1967 literarum
300 1926 414 1981 contingat
425 1925 561 1980 interceptio,
574 1930 596 1967 et
607 1926 713 1968 diuturna
722 1926 833 1970 malitiosa
845 1927 942 1971 detentio
953 1928 988 1971 vel
998 1928 1049 1971 inde

176 1995 232 2037 mihi
248 1999 339 2046 constat,
357 1996 416 2051 quod
432 1995 540 2051 quaedam
561 1995 621 2037 Emi.
633 1996 687 2038 Dni.
706 1997 776 2040 bonae
794 1998 913 2039 memoriae
925 1998 1049 2041 cardinalis

175 2066 291 2108 Ludorisii
301 2066 377 2108 literae
388 2066 415 2108 ad
431 2080 466 2107 me
482 2065 546 2107 datae
563 2066 635 2109 solum
645 2071 696 2122 post
707 2068 830 2110 triennium
846 2068 873 2110 ad
890 2082 952 2111 meas
963 2084 1045 2113 manus

175 2138 333 2192 pervenerunt;
352 2139 374 2178 et
385 2140 443 2178 certo
454 2136 535 2178 certius
542 2132 604 2178 'mihi
614 2136 744 2191 persuadeo,
753 2136 812 2192 quod
823 2137 939 2193 pleraeque
947 2152 1047 2182 mearum

175 2206 290 2248 literarum
300 2206 483 2262 intercipiantur;
500 2206 584 2249 multas
593 2206 674 2261 quippe
687 2211 709 2248 et
720 2206 747 2248 ad
757 2207 781 2247 Τ.
793 2206 820 2248 R.
832 2207 912 2250 Dnem.
926 2211 947 2250 et
959 2208 1013 2252 alios
1024 2210 1047 2252 in

176 2275 236 2318 Urbe
251 2275 325 2318 literas
341 2275 399 2328 dedi,
412 2274 491 2331 quibus
508 2275 565 2317 nihil
581 2289 679 2332 unquam
696 2277 829 2332 rescriptum
841 2280 881 2327 est,
893 2278 953 2333 quod
968 2278 997 2321 ad
1012 2293 1047 2322 me

174 2346 303 2402 pervenerit.
334 2346 402 2389 Porro
411 2345 469 2402 quod
480 2345 507 2387 ad
517 2345 648 2389 missionem
659 2347 683 2389 in
694 2346 780 2390 insulas
789 2346 901 2390 Hebridas
910 2352 932 2390 et
942 2353 1048 2392 montana

176 2417 263 2460 Scotiae
272 2417 356 2468 attinet,
367 2415 424 2458 nihil
430 2415 488 2472 quod
495 2429 563 2471 penes
572 2429 607 2458 me
616 2420 670 2468 erat,
676 2417 749 2460 adhuc
759 2417 868 2460 omissum
876 2422 916 2469 est,
926 2423 947 2461 et
956 2420 1047 2463 faculta-

175 2490 209 2530 tes
218 2487 261 2529 aS.
270 2486 353 2543 (logne.
362 2487 443 2530 missas
451 2486 512 2528 Patri
521 2486 622 2542 Hegarty
630 2487 712 2529 tradidi
720 2504 726 2540 ;
740 2487 778 2530 sed
789 2488 882 2543 operarii
889 2488 926 2530 viu
931 2489 978 2544 jam
986 2490 1049 2545 quid-

174 2571 242 2613 quam
252 2558 276 2599 in
287 2557 325 2599 illa
335 2559 400 2600 vinea
410 2561 520 2614 praestare
536 2561 632 2613 possunt
648 2562 738 2614 propter
749 2558 860 2601 defectum
871 2559 953 2601 <tonarii
964 2560 1046 2612 diurni,

175 2643 219 2684 quo
230 2628 313 2671 ibidem
321 2629 389 2672 witam
397 2632 521 2672 sustentare
528 2632 611 2684 queant
620 2644 625 2671 :
634 2629 701 2672 itaut
711 2631 730 2673 si
740 2629 762 2672 S.
771 2629 858 2686 Ongtio.
863 2630 974 2672 uberiores
982 2645 1048 2673 eran-

175 2699 257 2754 gelicae
268 2699 436 2755 praedicationis
446 2700 469 2741 in
481 2699 526 2742 illis
541 2698 640 2754 partibus
652 2701 739 2743 fructus
748 2704 853 2756 espectet,
865 2714 941 2756 operae
949 2701 1046 2755 pretium

175 2773 216 2821 est,
228 2771 376 2826 provisionem
387 2771 449 2814 iilam
461 2784 565 2822 annuam,
577 2770 604 2812 de
615 2772 693 2827 quain
704 2773 756 2816 rris.
772 2771 844 2813 literis
855 2771 879 2812 fit
890 2770 980 2821 mentio,
994 2786 1045 2828 sup·

174 2840 287 2893 peditare:
304 2841 362 2897 quod
387 2843 406 2884 si
429 2841 468 2884 fiat
485 2844 568 2884 veteres
587 2838 665 2886 Missa
687 2846 726 2886 aut
745 2841 798 2895 (llis
815 2839 975 2892 deficientibus)
993 2843 1047 2885 nori

177 2908 252 2951 idonei
263 2910 286 2952 in
297 2912 384 2955 vineam
395 2913 520 2955 mittentur.

219 2979 255 3021 An
276 2995 326 3024 vero
342 2984 454 3038 expediret
469 2984 500 3027 ibi
516 2985 598 3041 Epum.
615 2986 756 3032 constituere,
774 2984 795 3023 et
814 2981 837 3023 in
856 2995 922 3037 quem
939 2996 986 3028 sors
1006 2985 1044 3028 ilia
