2416 3337
430 164 574 193 6616666166
590 165 731 195 6666616666,
972 151 1014 192 163

147 307 225 358 dicam,
239 308 257 350 si
267 307 334 349 simul
341 321 390 349 cum
401 309 476 350 futuro
487 307 625 351 Ardmaoano
635 309 746 364 praefatus
763 309 791 350 D.
801 307 833 350 16.
843 307 894 349 huic
905 307 1013 350 (11661661-

147 379 195 421 6661
206 377 318 420 Ecclesiae
326 383 348 420 et
356 379 384 420 D.
395 378 517 422 Malachias
526 379 643 431 Quaelleus
651 380 758 430 166666,
769 383 791 421 61
799 379 827 421 D.
835 378 880 420 dac.
889 377 1013 420 Plunketus

146 449 260 491 Kildaren.
269 448 413 506 Episcopatui
420 450 461 494 viri
469 446 532 493 omni
537 451 618 494 honore
626 450 798 507 dignitatatis.
807 454 828 493 et
835 449 932 492 doctrina
940 449 1015 492 eximii

145 519 322 575 praeficerentur,
339 521 415 564 electio
427 523 483 565 foret
494 523 540 567 suis
551 522 656 567 membris
665 523 765 566 absoluta
782 522 837 565 etin
848 522 931 565 multos
943 534 1014 563 annos

146 589 263 634 sufficiens.
294 592 356 636 Deus
368 593 393 636 Ο.
405 593 444 645 M,
457 594 492 636 &a

160 701 162 705 '
207 696 308 750 1111661116,
324 695 351 743 17
360 697 442 750 Martii,
453 699 518 742 1628,

415 806 456 848 Fa.
468 807 612 851 Fnonnmms
624 806 730 860 Coactus,
742 805 855 861 Archieps.
873 805 980 848 Tuamen.

491 1188 603 1252 ‘im

158 1347 657 1405 16666666Β6.Βο166666666111666616,
671 1347 757 1401 O.S.F.,
771 1349 831 1391 3066
844 1348 912 1401 duur,
926 1347 992 1391 1629.
1010 1377 1012 1382 ·

143 1488 347 1531 Ramnnumssmn
363 1486 465 1529 Domum.

188 1569 230 1611 Die
246 1569 311 1611 lunae
327 1569 443 1624 praeterito
459 1566 570 1609 mandavit
586 1567 642 1609 mihi
652 1567 680 1609 V.
692 1566 720 1610 D.
737 1567 827 1610 Revma.
840 1572 948 1624 quatenus
960 1582 1008 1610 eam

142 1641 257 1683 certionem
267 1640 380 1683 redderem
392 1639 417 1682 de
428 1639 536 1682 Ecclesiis
553 1639 679 1682 Provinciae
690 1653 752 1681 meae
767 1639 847 1694 quibus
864 1639 948 1682 scilicet
958 1653 1008 1695 pro·

140 1712 260 1756 videndum
282 1712 311 1755 sit
330 1716 355 1754 ut
372 1712 458 1754 facilius
479 1711 569 1767 reliquis
587 1710 716 1754 vacantibus
736 1710 849 1753 subveniri
866 1711 944 1767 possit.
976 1711 1008 1754 Et

140 1788 166 1826 61
183 1785 259 1839 paucis
276 1783 384 1826 desiderio
400 1783 503 1825 Revmae.
527 1783 588 1825 Dnis.
609 1782 672 1824 Vrae.
696 1782 836 1836 satisfaciam,
856 1782 940 1838 judicio
963 1771 1008 1826 666

141 1854 213 1897 solnm
234 1869 290 1906 meo,
313 1855 352 1898 sed
373 1855 439 1897 etiam
457 1854 557 1897 omnium
579 1854 654 1896 Prima
675 1857 697 1896 et
716 1854 834 1910 praecipua
852 1857 886 1896 est
906 1853 1007 1896 Ecclesia

141 1924 257 1967 Dunensis
266 1939 320 1981 quae
331 1920 429 1981 apaucis
443 1926 496 1978 (1.6,
509 1923 555 1980 sex)
566 1926 681 1968 mensibus
692 1940 730 1980 per
740 1930 835 1968 mortem
847 1925 881 1968 sui
892 1925 1008 1968 Antistitis

139 1999 208 2046 uacat,
217 1999 266 2037 tum
272 2000 361 2052 propter
371 1997 548 2052 magnitudinem
557 1997 677 2047 Diaecesis,
685 2001 734 2038 tum
742 1997 794 2052 quia
801 1997 903 2052 contigua
912 2001 946 2038 est
954 1997 1004 2038 aliis

138 2065 223 2109 duabus
232 2066 376 2122 amplissimis
384 2067 534 2117 Diaecesibus,
543 2066 637 2108 Derensi
654 2066 756 2108 videlicet
767 2070 789 2107 et
796 2066 939 2108 Dromorensi
948 2079 1003 2121 quae

138 2138 205 2179 etiam
226 2140 307 2179 vacant.
341 2137 403 2190 Quod
420 2138 439 2181 si
454 2141 556 2194 quartum
571 2138 707 2192 Episcopum
722 2137 786 2180 nobis
803 2137 854 2179 dare
871 2137 964 2179 voluerit
982 2136 1003 2179 S.

138 2207 256 2259 Sanctitas,
271 2214 272 2218 ’
285 2208 380 2251 6666666
403 2209 505 2252 Ecclesia
525 2209 560 2252 oui
576 2208 736 2265 providendum
751 2209 826 2265 judico
845 2212 880 2251 est
903 2207 1004 2251 Ecclesia

137 2276 344 2335 momordissent
354 2281 456 2337 contigua
468 2285 501 2323 est
513 2280 578 2323 Sedes
592 2280 724 2323 Oluanensis
735 2294 790 2336 quae
801 2279 922 2322 identidem
933 2283 1003 2322 vacat.

137 2351 254 2394 Caeterum
273 2353 317 2395 siue
336 2353 418 2409 aliquid
438 2352 560 2395 Commune
580 2352 623 2394 toti
644 2352 721 2409 Regno
743 2340 861 2403 statuatur,¹
884 2352 928 2394 siue
949 2365 1002 2402 non,

136 2424 288 2466 munificentia
299 2427 320 2466 61
331 2426 378 2468 6616
388 2425 488 2467 Revmae.
499 2424 561 2467 Dnis.
572 2423 637 2466 Vrae.
648 2424 709 2467 haud
725 2423 791 2466 dubie
803 2437 916 2479 speramus
926 2422 1003 2465 Eccle-

136 2494 193 2537 siam
203 2496 332 2539 Dunensem
343 2501 480 2554 recepturam
491 2496 621 2547 antistitem,
634 2496 700 2552 idque
712 2496 794 2552 absque
805 2495 917 2539 dilatione.
954 2494 1002 2546 Quo

135 2565 192 2609 iacto
203 2570 226 2609 61
235 2581 281 2610 rem
291 2567 339 2611 Deo
350 2573 435 2625 gratam
443 2574 465 2611 et
476 2568 601 2611 Provinciae
611 2567 717 2610 Ultoniae
727 2567 871 2622 utilissimam
882 2565 1001 2623 praestabit

135 2636 200 2680 Rma.
212 2638 272 2681 Dtio.
284 2640 336 2684 Vra.
367 2641 437 2692 Quem
448 2641 516 2692 Deus,
529 2642 566 2683 &a

195 2722 232 2763 Ex
241 2721 413 2765 Poenitentiaria
426 2723 522 2767 stoan.
536 2722 646 2773 Laterani,

256 2793 297 2835 Die
310 2794 398 2838 Sabbati
409 2795 487 2837 ultimo
499 2795 513 2838 J
514 2795 561 2838 unii
572 2794 638 2837 1629.

405 2866 553 2912 Humillimus
565 2879 640 2910 servus

559 2950 598 2992 Fa.
610 2949 774 2992 Bomvnuruat
790 2944 931 2994 llacansms,

644 3017 828 3060 Poenitentiarius
838 3016 1002 3060 Lateranensis.
