2416 3337
438 121 581 152 SPIGILEGIUM
597 121 739 151 ossoamusa.

540 333 646 377 XLVHI.

155 453 251 494 Lnrrna
259 463 287 494 or
295 450 406 494 altercer
413 450 542 502 O'Quuanr,
548 449 694 493 Ancunrsuor
703 462 729 491 or
738 449 810 502 Tuan,
817 451 831 493 6
839 449 950 502 Ocrocnn,
957 450 1024 493 1632.

156 575 198 616 [Dr.
208 576 296 616 0¹Queely
304 585 339 609 was
347 574 444 617 appointed
452 573 563 615 Archbislrop
573 574 593 606 of
599 574 657 606 Tuam
665 573 684 605 in
692 572 723 606 the
733 573 835 616 Consistory
844 574 864 606 of
870 573 901 606 8th
909 574 965 616 April,
974 574 1025 613 1630,

201 631 236 664 and
244 642 279 664 uras
291 630 404 665 consecrated
411 631 431 663 in
440 630 525 673 oprivate
534 630 597 671 chapel
608 629 628 662 in
641 629 712 670 Galrvey
720 639 743 661 on
756 629 787 662 the
800 628 842 663 loch
854 629 935 671 October,
943 630 993 669 1630,
1002 631 1026 673 by

200 689 231 720 the
237 687 348 730 Archbishop
356 689 377 720 of
383 687 452 730 Caslrel,
462 686 565 728 assistedby
573 686 685 728 theBishops
691 685 808 730 offimeu'ck,
817 686 933 728 Elphin‚and
940 687 1026 721 Kilmore.

201 745 230 778 He
238 744 280 778 died
288 745 331 778 anch
339 746 359 778 of
366 745 447 786 October,
460 746 518 786 idid]

154 847 217 889 Eun.
229 848 288 889 Dua.

200 919 288 960 Placuit
299 919 355 961 Suae
368 919 484 961 sanctitati
495 924 517 962 et
529 919 551 961 S.
564 919 644 975 Ungui.
654 922 746 976 quatuor
757 933 783 960 ex
794 919 862 975 hujus
873 919 945 974 Regni
955 919 1022 962 Prae-

154 987 213 1039 latis‚
232 1002 324 1044 quorum
345 1003 405 1032 unus
426 1003 492 1042 eram,
509 989 612 1032 undecim
633 989 807 1045 propositionum
826 1002 838 1030 a
855 989 878 1030 S.
891 988 1022 1044 Theologiae

154 1058 258 1100 facultate
269 1058 389 1102 Parisiensi
405 1063 571 1102 censuratarum
583 1074 674 1102 eramen
691 1059 835 1100 committere.
867 1058 894 1100 In
910 1059 1023 1101 mandatis

154 1131 279 1186 accepimus
293 1145 362 1173 unum
377 1145 404 1173 ex
418 1131 483 1174 nobis
495 1132 542 1188 (qui
555 1131 662 1187 regularis
677 1144 720 1174 non
735 1130 804 1182 esset)¹
818 1129 905 1185 eligere,
921 1131 959 1186 qui
973 1129 1022 1172 dili-

153 1204 230 1255 genter
244 1200 372 1256 inquireret,
385 1215 413 1242 an
429 1201 499 1243 dictae
508 1202 669 1257 propositiones
680 1201 763 1256 passim
780 1215 819 1256 per
829 1213 923 1255 regnum
940 1201 1023 1243 luerint

152 1270 256 1325 probatae
263 1284 302 1326 per
310 1270 437 1327 Regulares.
463 1272 512 1314 Non
522 1272 665 1314 convenimus
672 1272 695 1313 in
705 1270 841 1321 electionem,
852 1270 1022 1314 obsonavere

152 1354 202 1382 rum
219 1341 357 1395 aequalitate,
369 1344 394 1383 ut
412 1340 477 1383 modo
495 1340 610 1384 scribimus
627 1341 654 1384 ad
670 1341 761 1383 Emum.
774 1355 799 1383 ac
815 1341 905 1383 Rmum.
917 1341 940 1382 P.
954 1341 1019 1384 Oard.

153 1410 301 1465 Ouuphrium‚
321 1411 360 1466 qui
379 1410 401 1451 S.
420 1411 548 1454 Sanctitatis
565 1426 588 1453 ao
606 1411 628 1453 S.
648 1411 738 1466 Ongnis.
758 1411 865 1466 placitum
885 1411 931 1453 suis
947 1411 1020 1453 literis

151 1480 216 1538 nobis
226 1481 344 1524 intimarit.
375 1480 439 1523 idem
450 1482 620 1537 significandum
630 1482 658 1524 V.
669 1481 765 1524 Emtiae.
777 1485 855 1537 utpote
865 1481 933 1537 hujus
943 1482 1019 1524 afflicti

151 1551 214 1606 regni
225 1550 355 1606 dignissimo
367 1552 533 1607 comproteotori
549 1565 670 1607 congruum
681 1550 740 1593 duni.
772 1551 803 1593 Et
814 1551 865 1607 quia
876 1550 903 1592 ob
913 1565 1018 1607 magnam

150 1621 248 1664 locorum
264 1622 452 1679 intercapedinem
463 1627 485 1665 et
502 1623 524 1665 S.
541 1622 605 1665 Rom.
619 1622 697 1664 (iuriae
708 1622 847 1677 negotiorum
857 1620 944 1664 infinita
955 1623 1019 1678 quasi

150 1693 269 1746 volumina,
282 1694 364 1738 multos
376 1695 468 1737 aestimo
480 1709 549 1737 annos
560 1695 665 1746 fluxurus,
678 1697 796 1750 antequam
807 1693 860 1736 haec
872 1694 1019 1737 controversia

149 1778 253 1819 processu
267 1765 360 1820 juridico
378 1765 520 1821 adoptatum
538 1766 650 1820 perueniat
667 1765 757 1816 exitum,
771 1764 901 1821 plurimosq.
913 1765 974 1809 rideo
992 1779 1019 1808 en

150 1839 220 1892 utraq.
232 1840 295 1891 parte
306 1837 415 1880 seculares
426 1841 448 1879 et
458 1837 570 1893 regulares
581 1837 643 1879 valde
659 1836 764 1892 proclives
780 1836 808 1878 ad
823 1850 874 1879 suas
886 1837 1018 1890 exercendas

149 1921 239 1961 pennas,
253 1911 275 1949 et
293 1908 382 1963 ingenia
393 1908 483 1950 colenda
501 1909 524 1950 in
535 1908 576 1950 hac
587 1907 733 1950 controversia
748 1908 848 1958 fovenda,
860 1910 1016 1963 promovenda,

149 1981 170 2020 et
185 1979 309 2021 aeternitati
319 1979 458 2031 mandanda5
475 1980 531 2021 mihi
546 1979 613 2032 (salvo
630 1978 715 2021 meliori
727 1979 820 2034 judicio)
840 1981 1014 2031 convenientius,

148 2047 243 2089 Eccliae.
256 2048 341 2100 utilius,
357 2052 379 2090 et
393 2048 515 2091 consultius
526 2048 643 2099 videretur,
656 2047 714 2103 quod
730 2047 780 2089 Vra.
792 2048 858 2090 Ema.
870 2049 954 2092 Dntio.
963 2065 1014 2106 pro-

147 2122 214 2173 ponat
226 2117 248 2160 S.
262 2118 377 2161 Sanctitati
385 2122 407 2160 et
420 2118 441 2160 S.
455 2118 534 2175 Ongni.
547 2119 725 2174 suppressionem
737 2117 816 2164 irarum
826 2121 1012 2175 propositionum,

148 2192 169 2229 et
175 2188 281 2231 librorum
290 2188 398 2231 editorum
407 2192 428 2230 et
435 2188 569 2231 edendorum
577 2203 603 2230 er
610 2192 679 2243 utra-q.
684 2191 745 2242 parte
754 2188 800 2231 fore
810 2189 921 2233 salubrius
927 2192 1013 2234 remed-

147 2260 194 2302 ium
203 2259 309 2315 singulcr.
319 2259 433 2303 animabus
442 2276 446 2302 :
465 2260 483 2302 si
491 2260 518 2303 lis
525 2260 557 2301 ita
565 2274 609 2301 non
620 2260 717 2311 finiatur,
730 2274 774 2303 non
785 2262 861 2303 minus
869 2262 938 2305 ferme
946 2278 1013 2307 nocu-

147 2331 217 2373 menti
227 2330 295 2373 timeo
306 2345 364 2373 mae.
375 2330 438 2386 Reip.
447 2330 554 2372 Ecclicae.
562 2330 598 2372 inis
608 2330 741 2373 nostratium
753 2331 938 2384 dissensionibus,
946 2349 1013 2390 quam

146 2402 317 2445 adversariorum
326 2401 524 2451 machinationibus
533 2401 686 2444 obventurum.
718 2402 842 2447 Laetantur
849 2404 966 2448 adversarii
977 2406 1013 2449 his

144 2473 229 2525 litibus,
242 2487 301 2530 easq.
312 2488 350 2529 pro
361 2473 444 2516 viribus
455 2477 543 2529 augent.
575 2473 625 2516 Non
637 2478 671 2517 est
681 2488 730 2516 vere
743 2489 822 2530 parum
833 2475 959 2530 dolendum,
971 2478 1013 2520 hoa

144 2557 245 2599 regnum,
258 2544 281 2585 in
293 2558 335 2600 quo
352 2558 438 2599 semper
449 2544 519 2600 viguit
532 2543 671 2586 uniformiter
687 2544 774 2588 divinus
790 2546 865 2588 cultus
881 2550 927 2589 tam
942 2548 1009 2603 pacis,

144 2628 209 2669 quam
225 2615 332 2658 bellorum
347 2620 453 2672 tempore,
471 2630 521 2658 cum
538 2615 678 2671 paucioribus
696 2616 810 2660 fulciretur
826 2618 928 2670 literatis,
944 2619 1008 2661 modo

143 2687 230 2740 quando
254 2686 336 2730 multos
362 2686 428 2730 habet
453 2687 552 2730 literatos
578 2688 666 2743 magnis
687 2692 768 2731 scatere
791 2691 950 2744 controversiis,
970 2690 1009 2733 sed

143 2761 225 2810 quanto
236 2757 299 2812 plura
309 2762 330 2800 et
341 2758 438 2800 auctiora
448 2759 538 2814 ingenia
554 2772 601 2801 sese
612 2758 786 2802 dissensionibus
803 2760 933 2812 immiscent,
945 2765 1008 2803 tanto

142 2826 239 2880 iniquior
262 2842 385 2883 processus,
403 2834 424 2871 et
448 2830 548 2872 miserior
568 2830 641 2873 exitus
657 2833 787 2885 expectatur,
806 2831 850 2873 nisi
866 2831 1007 2875 dissidiorum

142 2896 239 2938 fomenta
252 2898 417 2954 extinguantur.
449 2900 528 2956 Longa
538 2899 647 2944 hactenus
656 2914 708 2957 pace
719 2901 776 2943 inter
791 2914 831 2943 ncs
848 2899 1007 2947 ecclesiasticos

141 2967 266 3011 fruebamur
284 2969 306 3011 in
324 2983 429 3025 magnum
449 2973 540 3015 animer.
552 2972 645 3025 lucrum,
658 2973 719 3027 regni
734 2971 844 3032 solatium,
860 2971 1005 3032 vicinorumq.
