2416 3337
200 214 229 256 98
481 225 625 255 111111111111
642 225 784 257 1111111111.

200 374 263 418 doleo
279 378 346 418 tuum
357 379 448 427 statum,
460 376 563 427 manime,
575 380 667 418 mortem
679 376 855 432 ignominiosam,
872 372 899 415 ad
910 386 975 429 quam
985 385 1008 413 es
1019 384 1069 412 con-

201 446 348 489 demnandus.
381 447 452 498 Quare
461 450 483 489 te
498 446 596 502 Reginae
606 446 691 503 legibus
702 461 746 489 non
757 446 898 489 conformes?
930 444 974 487 Gur
983 445 1071 485 nostrae

201 518 298 560 familiae
316 518 425 560 manniam
450 518 567 573 conquiris,
585 531 663 572 meque
686 531 761 559 senem
779 516 869 559 tristitia
887 516 954 557 afficis
962 516 986 557 9⁵³
1030 513 1071 555 Oui

202 589 316 643 respondit
323 588 383 631 filius
390 603 441 631 cum
448 603 472 630 ea
478 589 606 639 reverentia,
616 588 769 644 quaeprobum
775 588 846 629 filium
853 586 922 628 decet.
942 586 1024 627 “Pater
1032 584 1070 635 mi,

202 660 273 714 magis
282 659 401 701 dolendum
410 662 444 701 est
451 659 476 700 de
484 658 604 700 damnabili
612 659 688 706 officio,
698 661 719 699 11
727 658 849 699 miserrima
857 656 902 697 vita
912 660 984 698 vestra
993 656 1017 697 in
1029 668 1072 710 qua

202 733 291 783 propter
302 729 388 770 lucrum
398 727 517 782 temporale
528 731 603 769 contra
613 740 700 768 onmem
708 726 788 768 bonam
799 725 962 776 conscientiam,
972 723 1071 780 quamde

202 813 252 841 rnea
261 801 338 850 morte,
348 812 386 853 pro
394 798 437 839 fide
449 785 568 847 catholica,
579 811 633 851 quae
642 809 686 838 non
697 795 832 838 aestimanda
842 808 908 845 mors,
919 794 957 837 scd
965 793 1071 836 transitus

201 883 213 909 a
224 872 293 910 morte
304 868 331 910 ad
343 869 417 910 citam.
439 868 503 917 Nam,
521 868 539 909 si
550 866 653 909 haberem
664 870 753 909 centum
764 866 827 919 vitas,
837 866 983 908 libentissime
994 878 1071 908 omnes

201 937 347 993 expenderem
359 939 383 980 in
391 937 517 980 defensione
530 937 582 980 fidei
590 937 738 980 Oatholicae.²'
755 938 821 980 Pater
829 938 863 980 cui
871 938 927 987 ait‚“
936 937 1007 980 Stulte
1016 936 1071 992 agis,

200 1007 233 1049 fili
243 1008 281 1058 mi,
291 1007 363 1050 adhuc
372 1009 459 1064 juvenis
467 1022 497 1059 es,
506 1011 528 1049 et
538 1008 579 1050 hac
587 1008 610 1050 in
620 1023 643 1050 re
652 1007 761 1059 indoctus,
769 1022 809 1050 nec
818 1008 860 1050 scis
868 1007 927 1064 quod
938 1008 998 1058 dicis,
1008 1010 1072 1049 tuum

202 1078 267 1121 debes
288 1080 397 1135 captivare
417 1080 563 1129 intellectum,
586 1079 684 1121 consiliis
701 1079 757 1121 meis
775 1080 918 1135 acquiescere,
936 1082 958 1120 et
976 1078 1072 1133 Reginae

202 1149 296 1202 obedire,
309 1154 331 1193 11
342 1152 373 1193 111
384 1164 429 1192 non
441 1150 512 1193 solum
527 1154 621 1192 mortem
633 1149 728 1201 evadere,
742 1149 779 1191 sed
791 1153 812 1191 et
822 1153 936 1204 paternam
952 1148 1071 1190 haeredita-

201 1224 248 1262 tem
258 1221 377 1276 possidere,
386 1221 479 1263 honores
491 1221 607 1275 acquirere,
617 1224 758 1274 nostramque
769 1219 874 1260 familiam
885 1219 986 1274 augere.''
1028 1218 1071 1259 Re-

203 1291 338 1346 spondit—“
347 1293 364 1333 O
372 1295 441 1347 pater,
452 1295 491 1333 tua
501 1295 602 1333 senectus
616 1303 661 1331 non
672 1289 736 1331 debet
745 1289 852 1344 ignorare,
862 1289 960 1344 Reginae
967 1289 1027 1344 leges
1037 1289 1071 1330 in-

199 1357 1072 1415 justashaereticas,etatotaCatholicaEcclesirtcondemnatasesse,ipsamque

200 1430 308 1485 Reginam
319 1445 332 1471 a
342 1430 382 1471 Pie
393 1431 469 1484 quinto
480 1429 588 1471 Pontifice
598 1429 694 1471 marimo
710 1430 843 1471 nominatim
860 1430 1072 1472 excommunicatam

200 1499 274 1551 fuisse,
287 1503 309 1541 et
320 1503 433 1555 propterea
443 1513 487 1541 non
498 1499 563 1541 licere
574 1500 621 1554 ejus
633 1499 762 1541 auctoritate
775 1500 838 1555 fungi
848 1499 921 1554 aliquo
932 1500 1007 1551 officio,
1020 1514 1072 1555 qua-

199 1574 286 1624 propter
303 1570 399 1612 officium
415 1574 479 1612 tuum
495 1570 587 1624 depone,
604 1569 631 1611 ad
648 1569 783 1611 Catholioam
798 1570 864 1612 fidem
880 1574 969 1620 reverte,
986 1584 1072 1612 crucem

200 1645 263 1682 tuam
281 1640 341 1690 tolle,
355 1640 488 1683 Salvatorem
500 1653 590 1695 sequere
607 1653 693 1695 unaque
703 1654 790 1682 mecum
806 1641 862 1691 veni,
875 1655 934 1691 nam,
952 1641 989 1696 qui
1006 1645 1072 1696 negat

203 1710 318 1752 Christum
334 1724 407 1752 coram
425 1704 559 1760 hominibus,
579 1710 694 1765 negabitur
708 1711 734 1753 ab
755 1724 779 1752 eo
798 1725 869 1753 coram
887 1712 1000 1768 angelis;’'
1018 1726 1072 1767 quae

202 1779 267 1822 rerba
280 1781 369 1835 juvenis
387 1780 469 1822 multos
484 1780 511 1821 ad
524 1779 631 1834 lacrymas
649 1778 771 1821 movebant.
803 1780 832 1822 At
849 1795 916 1823 senex
933 1796 960 1824 ne
976 1782 1072 1837 Reginae

203 1850 314 1892 amitteret
333 1850 459 1900 amicitiam,
471 1851 494 1891 in
512 1864 551 1892 sua
563 1850 671 1892 sententia
688 1850 788 1905 pertinax
799 1851 825 1893 de
835 1852 912 1894 multis
923 1852 1071 1908 interrogavit,

203 1920 332 1974 praesertim
344 1920 370 1962 de
381 1921 451 1970 sociis,
464 1919 490 1961 de
502 1920 633 1961 tradimento
646 1920 725 1974 aliqu0,
742 1920 768 1962 de
780 1921 898 1964 Catholicis
909 1935 963 1977 quos
974 1926 1071 1973 noverat,

204 1989 230 2031 de
242 1990 288 2032 suis
299 1989 474 2031 consiliatoribus
486 1993 509 2031 et
519 1989 663 2031 confederatis
674 1993 695 2031 11
706 1990 787 2032 similia
798 1994 819 2032 et
830 1991 856 2033 ad
866 1990 920 2033 haec
931 1993 1003 2034 omnia
1013 1992 1072 2034 filius

203 2060 289 2102 nullum
300 2060 360 2102 dedit
371 2074 509 2115 responsum,
522 2059 561 2102 sed
575 2060 655 2102 iterum
666 2060 792 2115 aggreditur
803 2061 829 2103 ad
846 2066 931 2117 patrem
942 2062 1072 2117 persuaden-

202 2130 255 2172 dunr
265 2133 291 2171 ut
302 2129 330 2172 ad
345 2130 480 2172 Catholicam
496 2129 563 2172 fidem
574 2143 597 2172 se
612 2133 753 2179 conuerteret,
766 2135 787 2172 et
803 2131 830 2172 ad
840 2131 949 2186 publicam
966 2132 1012 2187 ejus
1023 2145 1072 2186 pro-

201 2200 327 2250 fessionem,
341 2200 397 2241 sicut
409 2200 470 2241 corde
482 2199 588 2249 credebat,
598 2199 631 2240 illi
643 2198 724 2241 dicens.
759 2199 901 2242 “Considera
912 2215 998 2257 quaeso,
1011 2205 1073 2257 pater

201 2271 240 2319 mi,
252 2270 308 2311 ritae
318 2270 454 2320 breuitatem,
466 2270 544 2311 mortis
555 2270 741 2321 incertitudinem,
753 2274 804 2313 tuos
815 2285 879 2313 canos
891 2272 987 2327 capillos,
999 2273 1071 2327 lippos

204 2337 285 2387 oculos,
298 2352 359 2379 crura
369 2352 420 2392 prae
431 2338 542 2380 debilitate
553 2342 647 2388 curuata,
658 2339 762 2382 humeros
774 2354 839 2395 supra
850 2345 915 2396 caput
926 2342 989 2396 quasi
1004 2342 1072 2383 eleua-

203 2411 247 2456 111,
256 2410 320 2461 caput
330 2407 404 2461 ipsum
414 2411 493 2448 terram
503 2410 580 2449 versus
589 2408 727 2459 inclinatum,
735 2413 757 2450 et
768 2423 887 2451 memorare
898 2411 1016 2452 norissima
1025 2415 1071 2462 tua,

205 2477 306 2526 manime,
319 2477 416 2518 tribunal
428 2476 514 2519 Summi
524 2477 616 2528 dudicis,
626 2477 664 2520 ubi
675 2492 698 2520 es
709 2478 835 2521 redditurus
846 2481 954 2522 rationem
965 2480 990 2522 de
1001 2482 1072 2524 omni-

203 2547 245 2590 bus
255 2547 365 2602 operibus,
378 2550 400 2589 et
411 2547 436 2588 de
446 2548 541 2602 ipsomet
553 2547 635 2602 judicio
646 2549 704 2604 quod
714 2548 738 2589 in
748 2549 791 2590 isto
809 2548 914 2592 tribunali
930 2550 1014 2602 sedens,
1026 2553 1073 2595 sine

203 2618 248 2659 ulla
255 2618 318 2673 justa
329 2631 401 2667 causa,
414 2617 447 2659 vel
464 2617 600 2668 auctoritate,
611 2621 687 2660 contra
699 2621 765 2659 tuunr
780 2622 881 2673 nepotem
893 2619 982 2662 daturus
993 2635 1024 2672 es,
1036 2623 1073 2677 qui

204 2691 319 2743 propterea
330 2687 389 2741 quod
399 2686 464 2728 fidem
477 2685 610 2728 Oatlrolicam
621 2687 742 2742 profitetur,
755 2687 827 2729 forsan
838 2690 1018 2732 condemnabitur
1028 2706 1041 2732 a
1051 2694 1074 2732 tc

202 2758 268 2800 morti
274 2758 296 2800 :''
304 2757 341 2799 his
348 2757 442 2812 denique
449 2770 500 2798 cum
507 2756 583 2798 multis
590 2756 639 2798 aliis
646 2756 704 2798 inter
711 2760 796 2810 patrem
803 2763 824 2800 et
831 2759 901 2801 filiurn
909 2774 980 2802 coram
986 2761 1073 2803 infinita
1093 2763 1095 2767 ’

203 2829 265 2883 quasi
283 2827 429 2870 multitudine
446 2826 545 2881 prolatis,
563 2839 617 2880 quae
627 2828 715 2880 propter
730 2826 849 2869 novitatem
865 2828 933 2884 hujus
943 2830 973 2872 rei
984 2844 1072 2874 concur-

201 2899 268 2949 rebat,
294 2898 322 2940 ad
351 2897 484 2940 sententiam
507 2895 744 2951 pervenitur—indicto
772 2897 873 2940 omnibus
903 2899 1073 2944 silentio-tunc

204 2968 317 3010 duodecim
328 2967 445 3010 hominum
457 2965 568 3009 sententiat
584 2964 798 3008 condemnatus-ut
808 2981 855 3010 mos
866 2971 987 3013 est-sicut
998 2977 1074 3014 contra

202 3038 329 3080 traditorem
340 3043 362 3082 et
372 3038 430 3082 lesae
440 3037 564 3094 mapestatis
575 3050 636 3079 reum
646 3036 753 3092 injustam
760 3038 841 3093 profert
849 3042 981 3084 sententiam
990 3059 995 3095 3
1013 3044 1072 3086 ride-
