2416 3337
405 190 550 222 srrcrnneruu
566 189 708 221 ossonrnusa.
968 180 994 222 61

123 341 217 394 alicujus
235 335 343 378 Catholici
360 339 381 377 et
400 334 485 377 strenui
503 334 614 390 Principis
632 348 659 376 ex
676 334 782 378 affinitate
800 349 852 378 suae
872 335 996 379 Catholicae

122 407 248 465 Maiestatis
258 407 304 448 sive
314 420 340 448 ea
348 406 377 447 sit
388 405 486 448 nationis
497 408 518 447 et
529 406 609 448 domus
619 405 755 461 Hispanioae
768 407 813 449 sive
823 406 979 463 Burgundicae
986 421 999 448 a

123 492 163 521 sua
184 476 296 520 Catholica
324 475 441 532 Majestate
469 476 496 518 acl
519 476 542 518 id
569 476 692 532 specialiter
718 477 877 520 nominandam
905 491 998 533 eamque

122 548 226 604 amplecti
235 560 388 603 recognoscere
405 550 427 589 et
444 560 546 589 coronare
563 546 587 588 in
605 561 681 589 rerum
697 547 824 603 legitimum
841 552 863 591 et
873 548 998 591 naturalem

121 629 195 673 regem
206 631 272 660 suum
283 620 305 660 et
321 617 388 659 istius
406 616 492 658 insulae
509 616 532 657 in
549 620 655 678 perpetua
673 618 813 660 successione
827 621 849 660 et
867 618 897 661 sic
907 632 997 660 rursum

121 687 202 743 erigere
220 690 241 730 et
258 687 355 730 stabilire
373 687 444 742 regale
463 685 551 736 solium,
570 685 668 728 venerari
684 687 819 741 presentiam
841 688 908 730 unius
929 688 995 743 regis,

120 758 187 801 unius
198 758 249 800 fidei
256 762 278 800 et
285 758 353 800 unius
361 757 431 813 regni,
443 756 532 799 obtenta
542 759 618 799 tamen
628 756 691 813 prius
701 757 769 801 istius
780 758 867 801 insulae
878 758 996 801 donatione

121 828 261 879 authoritate,
280 833 302 871 et
320 828 485 870 confirmatione
504 841 556 870 suae
574 827 702 871 Sanctitatis
725 833 747 871 et
767 829 830 873 Sedis
847 830 994 886 Apostolicae.

119 898 197 953 quue
208 898 272 940 modo
291 912 377 954 sperare
393 912 416 940 se
433 899 536 954 deinceps
552 912 640 941 manere
657 913 722 954 posse
739 900 763 942 in
781 900 846 943 solita
856 905 878 943 et
888 905 995 957 perpetua

119 968 244 1011 obedientia
264 972 286 1011 et
301 958 417 1011 devotione
435 982 523 1011 summo
539 969 639 1024 pontifici
659 970 785 1025 unioneque
806 975 894 1013 sanctae
914 971 994 1013 matris

119 1038 232 1081 Ecclesiae
250 1038 376 1081 Catholicae
394 1037 479 1081 Christi
497 1043 519 1081 et
535 1039 559 1080 in
575 1039 646 1093 prima
663 1038 761 1081 amicitia
772 1043 794 1081 et
804 1040 994 1083 confoederatione

119 1109 198 1151 (lomus
209 1108 290 1165 Regiae
301 1108 462 1164 Hispaniarum
473 1122 500 1150 ex
511 1108 653 1163 qua-natione
670 1107 796 1162 antiquitus
807 1109 880 1152 omnis
890 1107 995 1152 nobilitas

118 1179 185 1221 istius
195 1179 258 1235 regni
268 1179 376 1234 originem
392 1178 462 1221 duxit.
906 1222 907 1225 ,

163 1248 195 1290 Et
215 1248 304 1304 quidem
320 1248 381 1291 haud
396 1248 508 1291 immerito
526 1247 550 1290 id
569 1260 657 1290 summo
678 1246 758 1290 affectu
777 1247 899 1291 desiderare
917 1263 995 1292 omnes

117 1318 184 1361 istius
194 1319 280 1361 insulae
291 1321 363 1361 status
374 1332 443 1374 quum
460 1331 555 1374 regnum
573 1318 635 1361 istud
645 1317 801 1372 amplitudine,
813 1319 871 1361 aeris
880 1319 994 1375 temperie7

119 1388 239 1438 fertilitate,
245 1391 266 1429 et
274 1388 353 1443 opibus
362 1388 423 1430 facile
432 1387 558 1444 equiparare
569 1388 640 1442 possit
647 1386 742 1442 Angliae
753 1401 828 1443 regno,
837 1388 901 1431 modo
911 1390 993 1432 aPrin-

119 1458 166 1512 cipe
177 1471 216 1499 seu
227 1458 297 1511 eapite
307 1457 366 1513 regio
377 1457 479 1512 religioso
496 1460 518 1499 et
537 1456 649 1499 Catholico
668 1456 794 1513 ibidemque
813 1458 922 1501 residente
930 1460 993 1514 juste

117 1527 154 1581 pie
164 1530 186 1568 et
197 1526 289 1568 civiliter
300 1516 414 1581 contingat
425 1525 549 1581 gubernari.
582 1527 693 1568 Detestari
710 1531 786 1569 autem
797 1542 873 1570 omnes
884 1529 991 1584 generali-

117 1602 152 1640 ter
162 1596 234 1653 Regni
244 1595 332 1652 Anglici
345 1597 426 1651 jugum
443 1596 578 1638 tirannidem
595 1599 617 1638 et
632 1596 812 1648 inconstantiam,
830 1586 926 1641 maxime
941 1613 992 1642 vero

118 1668 178 1723 ipsas
189 1667 289 1710 haereses
301 1666 433 1722 quibuscum
444 1667 547 1722 deinceps
558 1666 616 1709 nihil
626 1667 720 1722 cupiunt
733 1665 814 1709 habere
829 1680 921 1711 comune
932 1683 992 1725 prae-

116 1743 151 1781 ter
160 1738 241 1781 bonam
251 1738 387 1787 vicinitatem
398 1741 420 1780 et
431 1737 575 1780 christianam
587 1736 734 1784 dilectionem.
969 1786 970 1790 Ἰ

238 1808 376 1851 Nominatim
386 1822 436 1851 vero
446 1807 515 1862 huJ'us
525 1806 595 1849 bonae
612 1805 743 1848 intentionis
761 1809 783 1848 et
801 1805 924 1851 devotionis
941 1823 993 1864 erga

117 1892 180 1921 suam
192 1878 337 1920 sanctitatem
350 1877 471 1933 Sedemque
482 1876 632 1933 Apostolioam
639 1879 661 1917 et
668 1874 855 1919 Potentissimum
866 1877 992 1933 Principem

117 1949 240 1991 Dominum
255 1948 385 2005 Philippum
403 1949 565 2005 Hispaniarum
584 1947 685 1990 omnium
705 1946 791 2002 Regem
812 1961 862 1992 esse
879 1948 992 1993 Praelatos

117 2019 227 2070 Pmoeres,
240 2019 337 2061 Berones
348 2022 371 2061 et
381 2018 471 2062 Nobiles
481 2018 640 2074 infrascriptos.

178 2132 362 2187 Archiepiscopus
373 2132 517 2174 Armacanus.
619 2129 791 2172 Item—(lomes
811 2130 947 2182 Desmontis,

250 2199 321 2251 Hit.
373 2200 536 2256 Metropolitan.
671 2200 842 2255 potentissimus
852 2201 987 2256 Hpberniae.

178 2270 524 2327 ArchiepiscopusDublinensis.
619 2268 698 2312 Comes
740 2269 862 2314 Kildariae.

368 2341 520 2384 Cascellensis.
618 2362 709 2370 —-—
742 2340 864 2383 Ormontis.

176 2465 182 2468 Α
369 2411 508 2456 Tuamensis.
619 2433 709 2441 *a
741 2411 903 2454 Clau-Ricardi.

177 2483 302 2539 Episcopus
370 2482 497 2525 Mithensis.
620 2504 711 2512 ---
741 2482 881 2525 Tuamontis.

369 2552 528 2607 Kyldariensis.
620 2575 710 2582 -—--
741 2552 831 2608 Tyroni.

370 2623 530 2666 Waterforden.
618 2621 729 2665 Dominus
741 2622 865 2665 O'Donald.

322 2730 325 2733 ,
370 2693 529 2749 Gorcagiensis.

365 2763 545 2818 Lymbriciensis.

369 2833 513 2876 Ossoriensis.

369 2903 539 2947 Olunfarteusis.
741 2904 841 2946 O'Uonor
854 2902 910 2944 Ruo.

368 2973 494 3019 ucecensis.
741 2974 841 3015 O'Oonor
852 2971 910 3016 Dou,

177 2364 267 2372 -—·-—--

177 2434 267 2442 ..μ-...-
