2416 3337
446 159 590 189 SPIOILEGIUM
606 158 749 189 cssonlnusn.

567 356 637 399 XXV.

164 442 270 484 Exunrcr
285 455 346 485 raon
361 456 374 485 1
390 443 486 486 Lnrrna
502 457 529 487 or
545 457 590 487 run
606 445 694 488 Bienor
711 458 737 488 or
754 445 816 487 Ocni<
832 456 859 486 ro
876 456 922 486 11111
943 442 1034 486 Nunnio

389 528 413 557 nc
428 516 554 567 Bnussnns,
572 516 618 558 ece
633 515 713 569 Aram,
733 516 799 558 1624.

287 593 346 636 (Facu
358 603 394 627 run
407 594 502 628 Ancnnms
515 604 536 627 or
548 604 584 627 run
598 595 615 628 S.
628 595 648 628 G.
661 605 683 628 or
695 596 822 635 Pnoracnnnr,
836 594 907 634 anm)

162 704 200 737 The
205 705 317 739 Documents
322 705 380 739 which
386 706 444 739 follow
450 706 470 739 in
476 706 513 739 tbis
520 708 601 748 Volume,
608 711 671 750 except
677 708 729 741 when
735 718 745 740 a
751 707 835 740 different
843 716 906 740 source
913 705 930 738 is
937 705 1033 745 indicated,

447 773 476 796 are
485 763 540 796 taken
548 765 594 796 from
601 765 652 797 these
661 764 750 797 Archives.

163 875 202 915 [Dr.
213 875 291 908 William
300 876 378 916 Therrey
385 886 420 909 uas
428 878 543 909 consecrated
554 877 622 919 Bishop
631 879 651 910 of
662 878 708 910 Oork
720 887 744 910 cn
755 876 851 910 Dominica
859 876 879 909 in
886 875 942 915 Albis,
952 875 1002 914 1623,
1011 875 1032 907 in

206 931 294 970 Brussels,
306 931 329 972 by
341 931 371 964 the
384 932 440 972 Papal
452 932 527 971 Nuncio,
540 932 616 965 assisted
628 934 651 975 by
663 934 694 965 the
705 933 818 974 Arohbishop
830 934 850 965 of
860 932 941 965 Mechlin
953 932 989 964 and
1000 932 1032 963 the

204 987 316 1029 Archbisbcp
326 988 346 1019 of
351 988 414 1020 Tuam.
438 988 469 1032 He
474 998 510 1020 uvas
516 988 561 1021 born
567 988 586 1019 in
592 988 623 1020 tlre
630 988 665 1029 city
671 989 691 1020 of
697 988 744 1021 Cork
750 987 769 1020 in
778 988 828 1026 1513,
834 988 869 1020 and
875 988 963 1029 belonged
971 992 989 1020 to
997 997 1031 1019 one

205 1043 225 1075 of
234 1042 258 1075 its
266 1045 314 1076 most
321 1042 420 1076 illustrious
430 1042 522 1084 familios]

423 1148 425 1151 <
441 1126 522 1167 Innun.
538 1138 567 1168 nr
582 1126 672 1168 Raram.
689 1126 749 1169 Dan.

204 1206 283 1250 Annus
294 1206 358 1249 hodie
369 1207 492 1262 completur
503 1208 560 1263 quod
566 1222 604 1263 per
612 1194 778 1264 imposicionem
785 1219 894 1249 manuum
905 1209 1029 1249 vestrarum
1084 1265 1085 1268 Ἰ

158 1277 312 1333 Episcopalem
338 1278 431 1333 gratiam
453 1282 519 1334 atque
545 1279 732 1321 consecrationem
758 1277 892 1332 acceperim:
920 1277 944 1319 in
965 1277 1029 1332 cujus

157 1348 257 1390 beneficii
281 1348 418 1390 recolendam
436 1349 572 1400 memoriam,
591 1351 730 1403 praesentem
747 1347 803 1390 hanc
823 1347 888 1389 mitto
912 1346 1028 1402 epistolam

158 1418 289 1460 conditionis
301 1422 323 1460 eb
334 1421 405 1460 status
415 1419 460 1459 mei
471 1418 633 1473 expositoriam.

201 1486 307 1541 Magnam
323 1486 391 1538 illam,
409 1487 473 1529 liberi
491 1487 602 1542 religionis
619 1501 682 1540 usus,
695 1501 758 1543 spem
769 1501 835 1543 quam
846 1501 873 1529 er
883 1487 1026 1530 matrimonio

156 1555 214 1598 inter
224 1556 377 1599 serenissimos
393 1556 560 1612 Hyspaniarum
570 1557 678 1599 infantem
693 1561 715 1599 et
731 1556 823 1598 Walliae
839 1557 965 1611 Principem
975 1570 1027 1599 oon-

156 1626 263 1669 irahendo
283 1627 430 1682 concepimus,
449 1627 589 1669 interrorem
606 1630 627 1669 et
644 1627 819 1682 desperationem
835 1641 962 1669 conversam
980 1628 1028 1682 jann

156 1696 347 1753 apprehendimus.
379 1687 523 1740 Particularis
545 1697 655 1753 siquidem
675 1698 698 1740 in
718 1711 836 1753 personam
860 1712 933 1740 meam
954 1702 1029 1740 exorta

155 1781 225 1823 nuper
241 1767 284 1810 fuir
299 1767 438 1823 persecutio,
456 1781 524 1823 eaque
535 1767 588 1810 adeo
605 1767 685 1819 subita,
702 1772 728 1810 ut
744 1767 862 1819 Praetoris,
879 1768 905 1810 de
922 1768 986 1810 domo
1003 1769 1027 1810 in

156 1837 254 1889 domum,
266 1852 301 1880 me
312 1838 446 1894 inquirentis
456 1852 544 1891 manus,
554 1839 577 1880 in
589 1838 678 1880 domino
690 1838 806 1881 difficulter
818 1838 941 1894 effugerim.
973 1839 1028 1881 Mox

154 1908 267 1962 inopinabo
284 1913 364 1951 eventu
379 1908 476 1963 Regium
499 1908 580 1963 prodiit
598 1909 695 1951 edictum
714 1908 883 1952 Ecclesiastioos
904 1922 982 1951 omnes
1002 1910 1026 1951 in

154 1978 245 2020 exilium
265 1978 381 2021 mandans.
423 1978 518 2021 Proinde
538 1980 597 2020 inter
617 1992 680 2034 spem
700 1982 830 2034 metumque
851 1979 977 2021 ancillantes
998 1979 1025 2020 de

154 2047 235 2089 futuris
250 2047 308 2090 nihil
323 2048 376 2090 certi
393 2047 502 2102 colligere,
521 2047 547 2090 de
564 2047 720 2101 praesentibus
735 2047 792 2088 nihil
809 2047 881 2089 solatii
898 2051 1023 2103 exspectare

155 2131 279 2172 possumus.

255 2178 257 2181 ⁴
514 2187 660 2230 <domininus
676 2187 812 2231 Concretas.
828 2201 858 2231 nr
874 2189 990 2232 onciaco.

198 2270 315 2326 nomina
325 2282 348 2325 n
358 2281 422 2325 naa
432 2295 488 2338 quae
499 2282 541 2324 aa
552 2282 565 2324 4
576 2281 666 2337 Aprilis,
677 2283 744 2325 rear.

545 2582 626 2626 XXVI.

145 2680 337 2722 -Ocuuunorroar
352 2676 448 2720 Lnrrna
463 2690 490 2720 oc
506 2677 572 2720 Inrsn
587 2676 707 2720 Picumnus
718 2688 742 2719 111
756 2688 842 2721 revoca
858 2689 885 2719 or
895 2688 941 2719 run
952 2677 1018 2719 Irusn

476 2747 582 2791 (lernaea
593 2761 617 2791 m
628 2749 702 2792 Pams.

196 2837 305 2880 Omnibus
316 2837 344 2880 ad
354 2844 409 2894 quos
426 2850 531 2893 praesens
548 2837 728 2880 Instrumentum
745 2837 872 2892 peruenerit,
890 2835 936 2878 Nos
947 2836 1015 2878 infra-

153 2905 227 2962 scripti
241 2906 357 2950 Praesules
369 2908 441 2962 Regni
455 2906 576 2950 Hiberniae
590 2908 685 2950 salutem
698 2908 723 2950 in
737 2907 794 2948 Duo.
804 2919 926 2960 precamur.
960 2908 1018 2958 Quia

151 2990 214 3031 grave
224 2989 281 3018 onus
292 2978 416 3020 animarum
427 2992 492 3021 curae
503 2993 544 3022 nos
555 2979 577 3021 in
585 2978 632 3022 dies
638 2979 709 3033 magis
717 2978 831 3032 magisque
842 2977 932 3032 premit,
944 2979 1016 3022 oonsi-
