2416 3337
454 206 599 236 srrcinnston
615 205 756 236 ossonmrtsn.

574 419 643 461 XLV.

348 534 430 576 Tanna
440 534 548 577 Lamnas
560 548 587 577 or
599 548 644 577 run
655 535 742 578 Brsnor
753 547 780 577 or
790 533 875 577 anrs.

265 650 297 691 'lb
309 649 342 692 110
355 650 464 693 Oordiacl
473 650 587 693 Protector
597 650 623 706 of
634 650 733 701 Irelaad,
746 649 799 692 20111
810 647 872 703 dolp,⁴
885 649 951 692 1631.

172 766 357 810 Enmnrrrssmn
374 778 403 807 nr
419 766 622 810 attentassem
639 765 739 818 Domus,

217 849 244 890 111
254 838 334 890 litteris
343 847 426 890 decima
438 849 503 890 Sexta
514 849 611 905 Augusti
621 863 678 891 anno
689 852 849 904 praetergresso
860 848 918 890 datis
929 846 1042 889 mandavit

172 917 201 959 E.
213 918 240 960 V.
252 921 277 959 ut
287 917 342 959 Aeta
353 918 459 973 quaedam
475 919 498 960 in
515 919 630 962 Conventu
642 920 748 975 Eporum.
760 919 835 961 habito
843 918 976 961 Kilkenniae
989 921 1040 960 ante

171 988 285 1030 biennium
295 988 469 1030 transmitterem
480 989 507 1031 ad
519 989 566 1031 Sao.
579 990 647 1045 song.
659 990 685 1032 de
695 990 761 1045 Prop.
773 990 827 1032 Fide
837 990 860 1031 in
872 990 953 1045 quibus
964 989 1041 1031 eadem

172 1058 220 1101 Sac.
231 1059 300 1114 Gong.
309 1062 407 1101 cerneret
414 1059 466 1115 quid
473 1074 512 1115 pro
520 1074 573 1116 pace
583 1061 607 1101 in
618 1060 777 1116 utroqueClero
787 1060 896 1103 Saeculari
904 1064 926 1102 et
936 1060 1041 1116 Regulari

171 1130 278 1173 firmanda
289 1130 392 1174 adunatis
402 1131 519 1186 Episcopis
535 1131 635 1173 ordinare
650 1131 720 1173 visum
737 1131 786 1173 tuit.
819 1130 874 1173 Acta
889 1131 927 1172 illa
943 1133 993 1172 ante
1009 1130 1041 1172 bi-

170 1206 251 1245 mestre
262 1201 430 1257 transportanda
445 1202 546 1244 commisi
562 1201 682 1244 tabellariis
692 1202 715 1243 in
734 1201 837 1257 Belgium
852 1200 1041 1257 proficiscentibus

169 1274 196 1315 ad
206 1274 304 1316 Illmum.
315 1272 376 1316 Sedis
388 1272 525 1329 Apostolicae
534 1273 648 1316 Nunoium
654 1273 708 1315 inibi
719 1276 892 1315 commorantem
900 1286 994 1328 quorum
1005 1286 1041 1314 ex-

116 1399 117 1402 *
169 1344 251 1401 emplar
271 1345 338 1386 etiam
353 1358 392 1399 per
403 1358 451 1386 eam
467 1358 533 1400 quam
550 1359 609 1387 nunc
625 1349 688 1387 tento
703 1345 761 1387 viam
773 1343 1040 1386 Galliarumtransmitto

168 1421 193 1458 ut
211 1416 302 1458 humilis
321 1415 420 1471 obsequii
437 1416 481 1458 mei
499 1415 605 1458 exhibitio
623 1416 684 1458 omni
700 1415 766 1458 modo
786 1418 872 1457 constet
896 1415 1040 1457 Eminentiae

168 1486 211 1527 Vae·
243 1485 305 1527 Addo
326 1486 393 1527 etiam
414 1486 523 1541 exemplar
543 1487 717 1542 propositionum
744 1500 797 1541 quas
819 1484 903 1541 pridem
927 1486 1038 1527 miserunt

167 1556 272 1611 Episcopi
293 1556 320 1598 ad
341 1555 462 1611 Regulares
482 1570 521 1611 pro
548 1557 711 1598 conservatione
738 1556 807 1598 diotae
828 1556 887 1611 pacis
909 1569 936 1597 ex
956 1555 1037 1611 quibus

167 1627 254 1682 plenius
264 1626 373 1682 intelliget
383 1626 446 1668 Sacra
455 1626 599 1682 Congregatio
608 1641 674 1682 quam
685 1626 778 1669 studiosi
787 1626 848 1681 pacis
859 1639 945 1681 semper
955 1625 1039 1666 tuerint

167 1698 279 1753 Episcopi,
292 1711 358 1754 quem
377 1700 399 1740 et
415 1697 439 1739 in
455 1697 565 1753 plerisque
583 1711 609 1739 ex
624 1697 744 1752 propositis
763 1696 858 1739 asseouti
878 1700 931 1739 sunt
949 1696 1038 1738 taudem

167 1769 273 1824 patientia
284 1783 323 1812 sua
339 1772 361 1811 et
376 1768 461 1810 iteratis
480 1768 640 1811 monitionibus
658 1768 704 1810 Sao.
723 1767 906 1823 Congregationis
927 1781 982 1822 quae
997 1767 1039 1809 fre-

167 1844 258 1896 quenter
273 1840 371 1896 injunxit
388 1839 562 1882 observationem
573 1840 724 1882 restrictarum
734 1839 865 1882 facultatum
877 1839 901 1880 in
912 1838 953 1881 hoc
963 1831 1038 1895 regne.

212 1912 364 1954 Eminentiam
386 1911 487 1954 Vestram
508 1911 620 1954 Ecclesiae
643 1925 694 1954 suae
721 1915 743 1953 et
772 1911 893 1954 Hiberniae
919 1911 980 1953 Deus
1001 1911 1039 1953 diu

167 1987 237 2025 servet
248 1984 391 2025 incolumem.

256 2064 298 2106 Die
309 2064 411 2116 autulii,
425 2063 489 2106 1631.

525 2135 666 2177 Eminentiae
677 2134 768 2178 Vestrae

643 2205 730 2248 humus.
743 2219 826 2256 servus,

664 2318 668 2322 ,
701 2276 808 2328 loturus,
824 2276 896 2332 Epus.
906 2276 1033 2332 Fen-tensis⁴

163 2338 228 2381 Emo.
240 2335 313 2381 Gardfi'
324 2337 450 2380 Ludorisio.

186 2497 218 2538 To
230 2497 264 2539 1100
275 2474 358 2540 Sacrati
370 2494 528 2551 corripi-apertori
539 2494 565 2549 of
572 2495 729 2550 Propapoade,
743 2494 796 2537 aaa
807 2494 928 2548 February,
943 2494 1009 2537 1632.

162 2612 218 2655 Em.
230 2626 259 2655 ur
276 2613 341 2656 Ram.
354 2612 407 2655 Dru.

207 2696 251 2739 Est
268 2696 291 2738 in
309 2709 358 2737 mea
375 2695 476 2737 Diaeoesi
493 2695 576 2737 celebre
593 2695 740 2750 municipium
755 2694 857 2750 Respons
874 2693 957 2735 dictum
974 2693 1032 2748 quod

161 2767 215 2809 olim
226 2768 304 2810 incolis
317 2771 338 2809 et
349 2781 416 2823 opum
425 2766 537 2809 affluentia
543 2767 658 2823 plerasque
672 2766 792 2809 Hiberniae
802 2766 901 2808 civitates
913 2763 1030 2819 superarit,

160 2852 220 2881 nune
231 2840 321 2882 nonnisi
331 2840 354 2881 in
366 2838 482 2881 ruderibus
494 2839 611 2893 pristinam
626 2841 723 2882 ostentat
735 2838 870 2879 felicitatem.
901 2835 962 2876 Inter
973 2834 1031 2876 eires

159 2908 227 2963 ipsos,
247 2914 269 2951 et
287 2911 310 2952 iu
329 2913 375 2952 tota
392 2913 463 2966 gente,
476 2909 593 2953 traditione
605 2925 617 2952 a
628 2909 746 2966 majoribus
758 2911 843 2964 accepta
854 2906 945 2948 invaluit
956 2905 1030 2960 opinio

160 2978 218 3034 quod
229 2993 272 3020 non
284 2980 311 3021 ob
322 2980 388 3022 aliam
400 2994 487 3023 oausam
498 2980 616 3024 inciderint
632 2982 656 3023 in
672 2981 774 3023 miseram
785 2981 864 3020 sortem
875 2976 898 3017 in
910 2990 953 3031 qua
963 2977 1031 3020 modo

157 3051 238 3106 jacent,
251 3064 316 3105 quam
329 3051 381 3105 quia
398 3051 459 3093 locus
475 3054 497 3093 et
511 3052 596 3094 incolae
618 3051 752 3094 anathemati
770 3047 861 3102 subjecti
875 3047 929 3089 tacti
946 3048 992 3091 sint
1003 3048 1030 3091 ob
