2416 3337
438 181 582 211 srucrnacrurr
598 181 740 212 ossonrnrsn.
983 168 1026 212 267

155 327 378 376 Christianissimum,
390 325 521 367 Caesaream
535 324 676 380 Maiestatem
688 338 711 366 ac
722 323 789 366 Suam
802 324 955 376 Sanctitatem,
966 340 1024 368 unus

154 400 272 455 praelatus,
285 410 342 440 unus
354 410 381 439 ex
390 395 560 451 Magistratibus
572 399 594 437 et
605 395 660 438 alius
670 409 696 438 ex
707 395 851 451 Jurisperitis.

199 469 348 511 Volumus-et
372 468 493 511 statuimus
515 470 540 510 ut
560 467 643 524 singuli
663 467 775 519 ordinarii,
799 468 920 524 Dignitarii
946 467 1027 524 aliique

154 539 293 595 proprietarii
309 538 428 595 respective
437 538 535 580 locorum
552 538 624 581 locent
635 542 704 581 terras
717 538 800 591 domos,
817 538 912 595 praedia,
930 538 1027 581 decimas

155 613 176 652 et
197 609 240 652 alia
256 609 313 653 bona
329 610 475 653 ecclesiastica
498 609 616 653 titulorum
632 613 654 653 εὴ
678 610 813 667 dignitatum
829 625 880 653 cum
901 611 1029 654 assistentia

155 680 265 723 Coronelli
280 684 319 723 aut
333 680 423 723 alterius
433 680 533 737 primarii
545 680 677 734 Comitatus,
689 681 798 725 Beroniae
812 684 850 725 aut
863 680 979 738 parochiae
990 695 1029 737 per

153 751 228 808 ipsum
244 751 384 794 Ordinarium
400 756 438 794 aut
454 751 584 808 dignitarios
600 752 671 795 dictos
687 767 711 795 ac
726 752 882 809 proprietarios
899 751 1028 795 assumendi

154 826 175 865 et
208 824 332 879 assignetur
357 823 413 878 ipsis
439 823 562 875 ordinariis,
595 823 721 880 dignitariis
753 825 845 881 aliisque
875 823 1027 881 proprietariis

153 893 276 935 necessaria
291 906 315 934 ac
331 906 428 947 congrua
444 894 583 944 sustentatio,
600 895 710 950 reliquum
721 900 798 938 autem
813 909 852 951 pro
864 895 1026 938 sustentatione

154 962 259 1013 militum,
272 962 340 1004 donec
351 962 414 1004 aliter
424 962 491 1004 fuerit
502 962 622 1006 decretum.

170 1066 171 1071 ,
199 1032 334 1076 Collectores
345 1036 366 1074 et
376 1032 459 1088 pariter
468 1036 592 1088 receptores
599 1033 726 1077 reddituum
736 1036 932 1079 ecclesiasticorum
944 1036 1026 1092 eligen-

153 1108 191 1147 tur
201 1103 228 1146 ab
239 1104 356 1147 ordinariis
366 1103 465 1147 locorum
476 1118 527 1146 cum
538 1118 648 1148 consensu
659 1106 853 1162 proprietariorum
865 1110 886 1148 et
900 1107 1026 1162 praesentia

154 1176 261 1231 cujusque
289 1175 408 1232 respective
430 1175 555 1227 comitatus,
586 1176 701 1229 Baroniae,
724 1181 763 1219 aut
783 1175 898 1233 parochiae
924 1176 1027 1219 Primarii

154 1246 243 1290 nobilis.

197 1319 308 1361 Ordinarii
320 1322 341 1361 et
352 1319 390 1361 alii
400 1319 542 1375 Proprietas-ii
553 1319 694 1362 ecclesiastici
705 1320 793 1362 valeant
803 1334 915 1363 assumere
927 1319 1023 1375 praedia,

153 1390 225 1433 Aedes
244 1394 265 1433 et
282 1390 325 1433 alia
342 1390 399 1434 bona
417 1390 564 1433 ecclesiastica
587 1405 676 1434 suorum
692 1391 812 1447 respective
828 1391 846 1433 ti
857 1391 952 1442 ulorum,
975 1405 1025 1433 cum

153 1461 286 1518 obligatione
302 1462 368 1504 dandi
384 1461 482 1504 subsidia
497 1462 550 1504 belli
573 1466 600 1505 ut
618 1476 690 1518 snpra,
711 1466 750 1505 aut
774 1461 869 1505 habendi
892 1462 916 1504 in
938 1466 1023 1518 partem

154 1532 270 1576 solutionis
286 1547 393 1589 congruae
413 1533 590 1585 sustentationis,
606 1533 670 1576 modo
686 1547 732 1576 non
751 1537 864 1577 assumant
880 1548 907 1575 er
920 1534 1024 1576 manibus

154 1603 318 1646 Catholicorum
334 1602 442 1659 ejusmodi
453 1602 524 1654 aedes,
541 1603 629 1658 praedia
645 1606 666 1645 et
682 1602 740 1645 bona
757 1603 832 1646 habita
847 1603 917 1646 locata
928 1607 966 1646 aut
982 1605 1025 1647 alia

153 1674 286 1731 obligatione
297 1674 408 1718 obstricta.

197 1745 316 1802 Ingressus
327 1747 350 1788 in
368 1744 471 1788 ecclesias
488 1748 510 1787 et
527 1743 644 1788 celebratio
662 1744 781 1787 missarum
797 1745 820 1786 in
837 1743 882 1787 illis
892 1743 1024 1801 relinquitur

152 1816 279 1860 discretioni
290 1817 457 1860 ordinariorum.

195 1888 345 1944 Praecipimus
362 1887 467 1932 omnibus
482 1891 505 1930 et
521 1888 617 1945 singulis
634 1888 787 1940 Generalibus,
811 1888 940 1940 Coronellis,
961 1888 1024 1945 Capi-

150 1959 228 2010 reneis,
246 1959 379 2014 caeterisque
404 1958 521 2000 militariae
537 1962 627 2001 nostrae
648 1957 777 2001 Catholicae
796 1959 912 2014 praefectis
934 1962 955 2000 et
974 1959 1023 2001 aliis

151 2029 269 2082 nobilibus,
282 2031 362 2087 quibus
368 2029 478 2072 incumbit
486 2030 601 2086 corrigere,
614 2034 639 2072 ut
648 2029 728 2073 seriose
738 2029 914 2072 animadvertant
921 2030 945 2071 in
953 2030 1022 2071 delin-

151 2104 244 2158 quentes
263 2100 372 2143 custodire
393 2099 523 2142 mandatum
543 2100 706 2155 suprapositum
728 2099 756 2141 cle
781 2099 913 2151 homicidiis,
933 2100 1022 2141 mutila-

150 2170 242 2223 toribus,
255 2169 426 2226 percussoribus,
438 2170 531 2221 furibus,
544 2169 707 2225 spoliatoribus,
721 2169 765 2221 cbo,
778 2170 797 2212 si
809 2183 871 2212 secus
882 2170 973 2212 fecerint
987 2170 1022 2211 in-

146 2242 263 2298 jungimus
283 2241 338 2297 ipsis
358 2243 380 2282 et
401 2240 491 2293 curatis,
514 2254 553 2282 seu
579 2239 711 2295 capellaneis
734 2240 834 2296 ipsorum
855 2241 977 2296 respective
996 2244 1023 2282 ut

149 2313 283 2356 denuncient
294 2315 316 2354 et
327 2311 437 2354 declarent
447 2311 507 2367 ipsos
517 2311 647 2354 interdictos
659 2316 681 2354 et
695 2312 897 2355 excommunicatos
913 2326 962 2355 esse
978 2313 1023 2354 nisi

149 2389 172 2428 et
182 2384 323 2441 Reipublicae
339 2389 361 2426 et
377 2383 434 2440 parti
444 2381 523 2438 {laesae
542 2383 690 2426 satisfecerint
707 2387 746 2426 aut
770 2384 873 2427 satisfieri
891 2385 1022 2436 curaverint,

150 2457 207 2513 quod
218 2457 308 2513 parochi
319 2460 340 2499 et
355 2455 474 2512 capellanei
488 2454 595 2511 praedicti
605 2454 721 2497 observent
738 2455 780 2498 sub
796 2456 949 2512 suspensionis
965 2456 1022 2497 latae

150 2529 272 2571 sententiae
282 2543 359 2585 poena.

195 2599 228 2642 Ut
243 2600 296 2642 haec
311 2600 384 2642 omnia
400 2603 449 2642 acta
465 2603 486 2642 et
502 2598 613 2655 proposita
629 2597 715 2641 felicem
732 2601 894 2653 consequantur
910 2597 1019 2648 effectum,

149 2658 306 2713 recurrendum
327 2670 431 2713 duximus
450 2670 477 2712 ad
496 2671 568 2712 Deum
590 2669 641 2724 Opt.
660 2668 718 2711 Mar.
734 2669 820 2725 jejunio
839 2672 860 2710 et
881 2667 1016 2723 elymosinis.

149 2740 260 2784 Volumus
276 2756 335 2798 ergo,
351 2755 455 2797 rogamus
472 2745 494 2784 et
512 2744 620 2798 quantum
635 2754 691 2796 opus
707 2744 741 2783 est
757 2739 886 2782 mandamus
901 2741 926 2780 nt
936 2737 1020 2792 singuli

149 2811 273 2855 sacerdotes
283 2816 330 2855 tarn
341 2813 463 2856 saeculares
474 2828 540 2870 quarn
550 2812 661 2868 regulares
672 2812 741 2855 semel
751 2813 775 2854 in
783 2809 917 2853 hebdomada
925 2809 1019 2851 missam

149 2954 178 3004 42,
191 2953 213 2995 ὅθ
222 2957 244 2995 εὴ
252 2954 361 2998 Sabbatho
372 2958 440 3000 unius
450 2957 600 3000 hebdomadae
611 2961 633 2999 et
644 2956 745 3011 deinceps
757 2952 824 2995 semel
835 2953 859 2994 in
872 2952 1017 3006 hebdomada,

149 3025 202 3068 feria
212 3024 296 3068 scilicet
307 3026 330 3067 4(Ἰ
339 3028 372 3069 rel
381 3028 492 3071 Sabbatlro
501 3030 604 3084 jejunent
612 3029 704 3070 durante
711 3025 847 3080 beneplacito
859 3024 1019 3069 ordinariorum
