2416 3337
1002 175 1016 192 Η

428 189 572 220 srrcrnncrmn
588 188 730 219 ossoarnnsn.
973 175 1012 218 171

147 337 266 393 regulares,
278 341 326 378 tum
336 336 458 377 saeculares
469 336 507 390 qui
518 335 585 377 etiarn
596 348 688 376 munera
704 333 831 389 spiritualia
846 334 869 374 in
884 333 965 387 populo
975 346 1014 387 pro

146 407 237 450 talentis
249 422 261 448 a
271 406 318 448 Deo
329 406 417 449 traditis
428 410 536 448 exercent.
565 404 693 447 Sacerdotes
704 403 827 447 saeculares
839 402 923 459 singuli
932 401 1015 444 habent

145 477 319 533 perplurimum
334 490 387 520 suas
403 477 503 533 singulas
519 476 635 519 distinctas
654 475 771 518 Parochias
788 489 881 531 quarum
899 487 974 516 curam
989 472 1013 513 in

147 549 338 590 Sacramentorum
347 552 369 590 et
380 548 472 591 aliorum
484 548 632 604 spiritualium
643 561 764 590 munerum
776 546 966 589 administratione
982 543 1015 585 di-

145 619 240 674 ligcnter
255 622 329 674 agunt.
362 618 483 675 Regulares
495 634 507 662 a
517 633 599 676 nupera
614 615 806 661 missionariorunr
823 617 952 659 facultatum
968 629 1012 658 res-

145 689 248 733 trictione
275 691 297 733 in
324 691 482 748 parochialium
510 692 701 734 Sacramentorum
727 689 943 733 administrationem
969 702 1013 729 non

145 762 208 804 facile
219 777 241 805 se
253 763 405 806 intromittunt
422 763 479 820 quod
495 763 539 805 illis
558 763 654 818 quietern
672 766 693 805 et
714 761 779 805 nobis
801 751 876 816 pacem
892 759 1014 815 plurimam

145 833 267 889 acquisivit

189 904 274 946 Prodiit
280 905 405 960 nuperrime
413 905 500 949 libellus
508 905 596 961 quidam
603 906 701 947 famosas
711 904 834 959 inscriptus
841 902 941 945 Examen
950 901 1010 944 Juni-

144 974 219 1016 dicum
231 974 341 1017 (tonsurae
352 976 393 1017 fac.
411 976 542 1018 Parisiensis
553 975 647 1018 Auctore
658 975 778 1018 Edmundo
789 974 900 1016 Ursulano
911 973 1010 1016 Hiberno

145 1045 183 1100 qui
197 1045 258 1087 omni
273 1044 353 1087 calcata
366 1046 488 1088 reverentia
504 1050 526 1088 et
536 1046 633 1096 veritate,
645 1045 770 1101 impudenti
778 1048 800 1086 et
816 1043 931 1086 execrabili
946 1044 1011 1086 modo

143 1116 267 1171 prorumpit
273 1130 316 1158 non
325 1116 397 1158 solum
404 1117 427 1159 in
435 1116 505 1173 Epos.
516 1120 538 1159 et
544 1116 647 1159 Pastores
657 1115 725 1172 hujus
733 1115 858 1171 provinciae
867 1113 906 1156 sed
912 1118 935 1156 et
940 1115 1011 1157 totius

142 1186 221 1241 Regni,
234 1187 384 1243 improperans
395 1187 439 1229 illis
455 1201 511 1243 quae
527 1200 648 1242 numquam
657 1186 845 1242 excogitaverunt.
868 1185 1011 1240 Summopere

142 1256 240 1308 laedunt,
252 1258 329 1300 Patres
339 1258 527 1310 Eminentissimi,
540 1258 633 1313 injuriae
643 1261 718 1299 tantae
729 1257 758 1299 Pr
763 1256 883 1299 aelatorunr
895 1271 920 1299 ac
935 1256 1012 1299 Pasto-

141 1342 191 1370 rum
201 1328 331 1383 patientiam
347 1332 455 1385 eruntque
471 1329 625 1372 commotionis
646 1342 739 1383 magnae
750 1331 773 1369 et
783 1327 930 1370 formidabilis
941 1326 1009 1369 schis-

87 1426 90 1429 ·
142 1397 1007 1455 matisinclcroetpopulocausa,nisipontificaliimperiofraeneturcontentio,

141 1467 260 1510 inhibendo
271 1483 298 1511 ne
309 1469 397 1512 libellus
408 1470 451 1512 iste
460 1470 546 1526 legatur
557 1474 595 1512 aut
605 1470 726 1512 retineatur
735 1470 795 1511 inter
805 1469 888 1511 fideles.

184 1538 255 1580 Extat
266 1539 289 1580 in
306 1538 407 1582 Diaecesi
418 1545 494 1583 nostra
505 1539 545 1582 sub
556 1540 691 1582 invocatione
707 1540 730 1581 S.
748 1538 833 1590 Crucis,
846 1539 1006 1582 blonasterium
1071 1563 1073 1565 ·

142 1608 295 1652 Cisterciensis
313 1610 396 1653 ordinis
407 1610 492 1653 habens
510 1611 621 1666 insignem
639 1609 770 1666 particulam
782 1610 911 1653 Dominicae
930 1611 1006 1654 Crucis

141 1681 276 1723 venerationi
292 1683 420 1737 expositam,
433 1682 460 1724 ad
477 1696 542 1738 quarn
558 1681 681 1724 devotionis
697 1695 763 1723 causa
779 1682 862 1723 accedit
872 1682 975 1738 frequens
985 1687 1008 1724 et

141 1765 272 1795 numerosus
289 1753 388 1809 populus.
426 1752 552 1795 Praefectus
573 1756 606 1796 est
628 1752 679 1794 huic
699 1751 927 1804 blonasteriodbbas
944 1753 1010 1795 irater

140 1822 213 1865 Lucas
224 1822 341 1875 Archerus,
353 1825 386 1867 vir
397 1825 484 1880 quidem
496 1824 611 1879 religiosus
620 1827 642 1865 et
653 1826 761 1875 maturus,
774 1824 813 1879 qui
820 1824 869 1866 aliis
876 1825 916 1882 sui
926 1824 1009 1868 ordinis
1025 1830 1026 1833 ’

140 1894 296 1937 comitantibus
307 1896 428 1947 monachis,
440 1894 502 1937 nullia
510 1894 598 1937 obtenta
608 1898 684 1937 nostra
692 1897 730 1936 aut
736 1895 806 1950 petita
816 1894 905 1937 licentia
915 1895 1010 1937 extrahit

140 1977 177 2018 pro
186 1963 249 2005 libito
259 1964 383 2021 Reliquiam
391 1965 446 2008 hanc
454 1970 515 2008 extra
524 1965 648 2007 Diaecesim
659 1968 681 2006 et
691 1965 837 2008 Provinciam.
864 1966 1009 2008 Concitantur

140 2035 264 2089 frequenter
272 2036 345 2091 jurgia
355 2036 462 2079 nonnulla
473 2040 495 2078 et
506 2036 719 2078 dissensionesinter
727 2036 794 2091 hujus
806 2037 889 2079 ordinis
897 2038 975 2079 fratres
986 2041 1008 2079 et

140 2105 237 2147 locorum
248 2105 376 2158 ordinarios,
389 2108 444 2149 circa
464 2107 647 2149 monasteriorum
663 2107 772 2148 territoria
789 2111 811 2149 et
823 2107 1004 2162 jurisdictiones:

140 2180 162 2218 et
174 2176 373 2224 animadvertentes
391 2178 494 2220 ordinarii
510 2178 649 2233 quaestiones
667 2177 744 2219 multis
762 2192 810 2220 esse
829 2177 1004 2221 dubitationibus

140 2248 257 2300 involutas,
270 2249 399 2304 magnisque
415 2248 579 2291 difficultatibus
596 2248 724 2300 obstructas,
734 2250 836 2304 jecerunt
845 2250 888 2302 (me
898 2248 1004 2306 principe)

140 2333 190 2361 oum
201 2320 318 2374 praedictis
329 2320 433 2363 fratribus
444 2321 550 2376 quosdam
560 2324 650 2362 mutuae
660 2320 787 2362 concordiae
799 2320 911 2373 articulos,
925 2322 1004 2377 quibus

140 2389 237 2431 scandali
253 2394 275 2432 et
289 2391 411 2447 jurgiorum
432 2391 556 2433 occasiones
571 2390 749 2446 praecluduntur.
782 2391 866 2434 Habita
880 2392 924 2434 fuit
934 2407 1005 2448 nuper

139 2460 272 2503 consultatio
291 2462 397 2517 quaedam
419 2461 517 2504 clancula
537 2449 644 2517 Eporum.
668 2466 689 2504 et
703 2462 840 2505 Vicariorum
862 2462 1003 2506 Generalium

139 2532 354 2587 comprovincialium
365 2534 389 2575 in
405 2534 492 2576 civitate
503 2533 644 2576 Limiricensi
655 2534 693 2576 ubi
704 2534 804 2577 ordinata
815 2538 837 2576 et
849 2536 932 2578 sancita
942 2535 1002 2577 inere

139 2602 245 2656 quaedam
260 2602 286 2645 ab
298 2604 400 2647 omnibus
410 2618 478 2660 aeque
497 2604 646 2660 amplectenda
657 2609 679 2647 et
690 2606 817 2661 exequenda
827 2620 865 2661 pro
876 2606 1002 2650 defensione

136 2671 193 2725 juris
210 2672 296 2728 Epalis.
314 2679 335 2716 et
352 2674 472 2717 Pastoralis
493 2689 543 2717 cum
564 2689 588 2717 ea
608 2679 684 2717 tamen
704 2676 854 2719 moderatione
874 2690 929 2733 quae
942 2681 1001 2724 ‚tunc

139 2742 269 2785 censebatur
280 2749 401 2800 opportuna
412 2749 433 2787 et
444 2745 574 2788 necessaria.

184 2814 268 2859 Datum
280 2831 291 2858 e
302 2817 347 2859 loco
358 2818 438 2874 refugii
448 2819 519 2861 nostri
529 2818 564 2860 die
576 2819 597 2861 3⁰
606 2818 667 2869 Maii,
680 2833 737 2862 anno
749 2820 815 2863 1632.

318 2888 368 2930 EE.
381 2903 405 2932 ac
415 2889 462 2932 ER.
475 2889 523 2931 Dr).
535 2890 663 2932 Vestianum

487 2962 576 3006 humus.
588 2976 670 3013 servus,

577 3035 676 3084 Trionis,
686 3033 816 3088 Arelricpus.
829 3032 968 3078 Cassilensis.

902 3118 916 3143 N
