2416 3337
471 199 614 231 sarcinularum
631 200 772 230 associasse).

582 424 654 466 LVII.

234 555 329 598 Larrna
350 569 377 599 or
397 556 439 599 Da.
461 555 560 598 Eusene
582 555 720 608 M‘Swnear‚
742 555 827 599 Brsnoe
849 568 876 599 or
897 555 1013 606 Kranoan,

506 628 550 669 dur>
566 627 656 677 Manca,
674 627 740 668 1634.

189 754 230 793 [Dr.
239 754 338 795 M‘Sueeny
352 764 386 786 uas
398 753 496 795 appointed
508 752 577 793 Bishop
587 753 607 784 of
617 752 696 784 Kilmore
706 751 726 783 in
737 752 785 791 1629,
794 752 827 784 but
837 756 870 785 not
882 753 997 786 consecrated
1008 753 1054 785 until

353 810 384 842 the
391 808 481 850 following
487 819 534 850 year.
559 809 588 840 He
596 808 637 841 died
646 808 723 852 October
731 808 763 841 the
771 808 820 848 lach,
829 807 888 850 1669]

186 942 247 986 Bne.
264 943 347 987 Parsa.

229 1025 280 1068 Jam
291 1030 393 1081 quartum
404 1040 487 1069 annum
498 1040 566 1082 agens
576 1026 600 1068 in
610 1026 717 1082 regimine
728 1026 839 1069 Diaecesis
851 1026 1005 1079 Kilmorensis
1023 1015 1050 1071 ad

184 1111 250 1152 quam
268 1097 311 1140 Dei
327 1098 467 1141 Providentia
482 1101 504 1140 et
519 1098 576 1139 Vrae
592 1094 635 1138 Sl*
651 1097 746 1153 benigno
762 1098 834 1140 favore
851 1112 901 1140 sum
917 1102 1011 1150 evectus,
1028 1099 1051 1140 in

183 1173 323 1225 quapropter
334 1170 398 1212 officii
408 1170 452 1212 mei
463 1170 592 1211 exercitium
602 1169 683 1211 multas
695 1169 814 1219 molestias,
826 1169 953 1211 inimicitias
965 1173 988 1210 et
1003 1183 1050 1224 per·

186 1240 316 1291 secutiones,
321 1240 403 1295 partim
412 1239 562 1295 aquibusclam
571 1239 652 1281 clericis
661 1238 826 1281 contumacibus
833 1242 855 1280 et
862 1238 1048 1294 incorrigibilibus

183 1311 264 1365 partim
275 1326 288 1352 a
297 1311 358 1353 laicis
369 1315 415 1352 tam
426 1314 513 1353 nostrae
529 1324 594 1365 quam
610 1310 712 1351 adversae
728 1309 850 1364 Religionis
867 1310 993 1352 clericorum
1004 1311 1050 1352 fau-

182 1382 274 1433 toribus,
287 1396 373 1437 passus,
386 1382 423 1438 qui
437 1385 523 1437 praeter
533 1381 576 1423 alia
591 1395 626 1422 me
642 1394 714 1422 ocram
726 1394 826 1436 supremo
837 1380 906 1436 hujus
920 1381 992 1437 Regni
1002 1382 1049 1423 Ma-

182 1452 276 1507 gistratu
297 1453 360 1494 citari
377 1453 482 1503 fecerunt,
504 1451 603 1507 quamvis
624 1465 747 1506 comparere
765 1452 882 1502 renuerim,
902 1452 1050 1494 immunitatis

181 1522 350 1565 Ecclesiasticae
360 1522 454 1565 tuendae
466 1522 535 1578 gratia
544 1538 550 1574 3
568 1535 660 1577 quorum
671 1522 770 1563 omnium
781 1521 873 1564 insidias
884 1522 942 1564 evasi
953 1522 995 1564 etsi
1005 1536 1049 1565 non

182 1608 232 1637 sum
244 1594 415 1637 omninoadhuc
431 1594 457 1636 ab
473 1593 511 1635 illa
526 1594 640 1636 venatione
656 1592 718 1644 liber,
731 1592 878 1635 existimarem
895 1594 1050 1636 metationem

181 1670 203 1708 et
213 1667 284 1722 magis
295 1667 392 1722 quietam
402 1666 470 1708 vitam
478 1665 506 1707 ad
512 1679 585 1707 meam
592 1667 614 1706 et
623 1663 772 1720 proximorum
781 1662 876 1706 salutem
885 1658 1049 1707 transactarum

183 1736 202 1777 ei
213 1736 255 1778 alio
266 1736 386 1778 translatus
397 1749 469 1778 essem
479 1734 507 1777 ad
517 1735 639 1777 Derensem
652 1732 740 1777 Scilicet
748 1732 915 1779 Arolmaohanae
922 1734 1050 1778 Provinciae

182 1806 307 1848 Diaecesim
317 1805 422 1861 Episcopi
431 1804 512 1847 Sclatio
524 1804 608 1847 dudum
616 1808 726 1846 carentem
737 1807 758 1845 et
769 1804 803 1846 cui
814 1804 861 1859 ipse
873 1804 926 1846 alias
936 1808 1048 1861 tamquam

182 1876 284 1918 Vicarius
297 1875 392 1931 Aplious.
405 1874 491 1931 populis
507 1888 551 1917 non
562 1875 662 1930 ingratus
672 1874 815 1929 praescieram,
827 1877 876 1916 tum
887 1877 913 1915 ut
926 1875 1049 1928 praedictas

181 1942 309 1990 inimicitias
335 1951 357 1989 et
381 1947 544 2002 persecutiones
571 1946 689 1996 eraderem,
716 1949 764 1987 tum
788 1944 846 2000 quod
872 1944 983 1988 Diaecesis
1009 1946 1048 1989 illa

181 2020 280 2074 proxima
301 2022 335 2061 est
355 2018 401 2061 loco
423 2018 551 2061 Nativitatis
572 2031 645 2067 meae3
665 2016 723 2059 uncle
742 2016 828 2071 siquid
847 2016 903 2059 mihi
914 2016 998 2060 adversi
1009 2022 1048 2061 aut

179 2089 293 2132 molestiae
302 2093 422 2132 occurreret
428 2088 497 2131 facilis
504 2088 532 2130 ad
542 2101 603 2130 meos
612 2087 693 2129 amicos
701 2090 759 2129 esset
770 2100 870 2129 accessus
879 2102 885 2139 3
897 2091 945 2130 tum
952 2088 1047 2145 denique

179 2160 237 2216 quod
255 2160 409 2215 blagistratum
430 2158 515 2201 civilem
533 2157 590 2201 milri
609 2161 654 2199 tam
674 2157 758 2199 ratione
778 2170 878 2199 meorum
893 2158 1012 2202 amicorum
1022 2161 1047 2203 in

177 2231 258 2273 ricinia
280 2231 463 2273 commorantium
484 2244 551 2286 quam
572 2243 632 2271 meae
652 2227 808 2270 familiaritatis
829 2231 851 2269 et
869 2228 978 2271 amicitiae
995 2244 1046 2273 oum

179 2302 311 2358 quibusdam
321 2317 348 2344 ex
364 2302 408 2344 illis
419 2302 464 2345 lore
474 2302 530 2344 milri
540 2299 675 2344 favoribilem
685 2313 730 2341 non
744 2298 875 2341 dubitarem.
908 2300 1046 2356 Quapropter
1065 2298 1067 2300 ’

179 2373 244 2414 Bme.
254 2372 326 2422 Pater,
339 2366 454 2414 Sanctitati
470 2373 533 2414 Vrae.
544 2370 668 2414 humillime
680 2368 777 2424 supplico
789 2372 898 2423 quatenus
909 2370 985 2412 eadem
1002 2384 1046 2426 qua

178 2442 287 2484 hactenus
302 2456 337 2483 me
353 2441 488 2497 benignitate
502 2445 647 2497 prosequatur
658 2444 679 2482 et
690 2440 717 2482 ob
728 2438 851 2495 praedictas
861 2439 957 2481 rationes
967 2454 1004 2481 me
1015 2441 1042 2483 ab

179 2513 220 2555 hac
230 2511 366 2554 Kilmorensi
377 2512 412 2553 cui
422 2526 479 2554 nunc
489 2527 592 2567 praesum
603 2511 630 2553 ad
639 2511 704 2553 aliam
714 2509 794 2552 Deren.
808 2509 907 2564 ejusdem
918 2509 1044 2555 Provinciae

179 2584 303 2628 Diaeoesim
312 2583 429 2626 transferre
440 2584 549 2639 dignetur,
560 2584 596 2626 ibo.

223 2688 307 2731 Datum
317 2687 340 2730 in
351 2687 398 2731 loco
409 2687 497 2743 Refugii
506 2687 583 2739 nostri,
595 2687 608 2728 2
618 2686 701 2737 Martii,
714 2684 779 2727 1634.

540 2793 665 2837 Sanctitatis
676 2791 750 2833 Vrrne.
761 2789 843 2832 humus
856 2789 941 2843 Seruus,

649 2878 774 2931 Essuuios,
792 2877 937 2923 Kilmorensis
946 2879 1012 2937 Epis,
