2416 3337
460 149 605 180 srrcmnerun
621 148 762 179 1111111111.
1001 132 1045 174 263

177 299 239 351 parte
251 295 415 339 Catholicorum
429 293 515 335 licitum
526 296 549 335 et
557 293 644 347 justum
656 306 712 343 esse,
724 306 766 347 quo
777 306 804 334 en
814 291 871 333 bello
883 291 902 333 si
912 305 938 332 11
948 291 1045 334 (11111111-

177 366 209 408 cis
235 365 426 421 deprehendantur
452 363 520 419 aliqui
545 376 572 404 eu
593 363 675 418 injusto
697 362 768 413 titulo,
791 361 888 413 avaritia,
910 360 1044 412 crudelitate,

176 435 278 486 vindicta,
290 436 347 487 odio,
360 436 394 479 vel
404 435 451 478 ulla
466 434 508 477 alia
520 434 589 477 simili
607 434 665 476 mala
676 435 799 477 intentione
815 433 929 490 procedere
940 435 978 474 aut
993 432 1044 482 fine,

173 505 301 561 judicamus
315 507 365 549 illos
382 508 476 564 graviter
491 520 588 562 precoare,
603 506 694 562 proinde
710 505 809 549 censuris
825 504 986 555 ecclesiasticis,
1001 503 1046 546 nisi

175 577 256 620 moniti
264 579 401 635 resipiscant,
414 578 538 636 puniendos
549 582 571 620 et
580 578 717 621 coercendos.
733 576 916 632 Quandoquidem
932 575 958 617 ab
969 574 1043 617 adver·

176 647 240 691 sariis
248 646 347 693 rumores
359 654 492 707 sparguntur
503 649 591 692 litterae
603 649 729 693 scribuntur
740 652 762 691 et
772 647 958 691 Proclamationes
968 646 1044 701 impri-

173 723 272 772 muntur,
278 725 299 763 et
308 722 396 765 nomine
405 721 473 778 Regis
480 734 536 778 quae
545 721 613 777 Regis
621 735 666 764 non
672 725 725 764 sunt
731 720 791 763 unde
798 719 977 762 machinamenta
984 718 1044 760 varia

174 794 196 832 et
206 791 304 846 pericula
313 794 427 848 provenire
435 797 536 849 possunt,
549 796 571 834 et
581 793 698 834 imminere
709 796 797 834 nostrae
807 791 870 847 genti
881 793 902 833 et
913 789 1042 832 1111111111-

174 860 250 903 dentes
261 862 319 904 viam
329 862 423 904 falsitati
432 867 453 904 et
461 863 593 905 commentis
601 862 741 919 politicorum
751 861 930 911 adversariorum,
939 859 1041 902 volumus

174 935 195 973 et
203 931 350 986 praecipimus
362 936 386 973 ut
402 932 459 973 nulli
475 932 584 987 ejusmodi
598 946 696 974 rumores
707 933 793 975 litterae
804 935 841 974 aut
859 930 1041 986 proclamationes

173 1001 239 1044 tidem
248 1002 363 1044 obtineant
374 1007 412 1045 aut
423 1002 503 1053 locum,
515 1002 584 1045 donec
595 1006 753 1057 cognoscantur
764 1003 788 1043 in
799 1002 889 1045 concilio
899 1001 1006 1043 nationali
1013 1016 1041 1043 an

172 1087 221 1115 vere
230 1087 242 1114 a
250 1072 310 1128 Rege
319 1073 467 1129 provenerint,
476 1073 548 1128 posito
557 1072 597 1114 sed
604 1072 678 1115 relicto
685 1072 709 1114 in
718 1072 862 1115 sualibertate
870 1076 892 1114 et
901 1071 968 1113 donec
977 1085 1041 1126 agen-

171 1142 231 1185 tibus
242 1158 255 1186 a
266 1143 343 1199 Regno
355 1144 492 1187 destinandis
508 1143 596 1186 decreto
611 1142 698 1185 concilii
708 1142 827 1185 nationalis
838 1138 894 1184 liber
905 1154 1004 1183 accessus
1015 1139 1043 1182 ad

171 1226 233 1255 suam
249 1213 391 1269 Maiestatem
407 1218 429 1256 et
444 1213 529 1256 reditus
544 1213 596 1256 talis
607 1217 632 1256 ut
647 1213 708 1256 natio
724 1212 803 1256 certior
819 1211 857 1254 fiat
868 1212 895 1254 de
907 1210 963 1254 Suae
978 1208 1041 1253 111115·

170 1285 292 1327 1111111111
305 1300 328 1327 11
339 1286 460 1328 voluntate.

215 1355 271 1398 Cum
287 1356 349 1398 11111
364 1356 455 1408 familia,
473 1357 549 1399 civitas
560 1356 690 1412 respublica,
699 1356 782 1399 nedum
797 1369 891 1412 regnum
906 1356 977 1410 possit
993 1355 1041 1398 sine

169 1426 251 1469 unione
268 1441 292 1469 ac
307 1427 422 1469 concordia
439 1428 505 1478 stare,
521 1429 569 1470 sine
585 1442 628 1484 qua
643 1428 746 1484 Regnum
765 1428 806 1471 lroo
822 1428 846 1469 in
863 1427 1039 1483 praesentiarum

169 1497 265 1539 manime
273 1496 414 1552 periclitatur,
422 1498 571 1540 necessarium
577 1502 681 1553 putamus
690 1502 797 1541 utomnes
804 1498 924 1553 Hiberniae
930 1512 1037 1554 proceres,

168 1567 260 1620 nobiles,
274 1568 390 1620 Generosi,
401 1569 553 1624 magistratus,
562 1569 668 1622 civitates,
680 1570 804 1624 provintiae
816 1570 858 1612 sibi
863 1570 957 1612 invicem
968 1583 1037 1611 sacra·
1079 1574 1083 1582 '

168 1643 243 1683 mento
252 1640 342 1683 unionis
351 1644 372 1682 et
381 1641 506 1683 concordiae
513 1640 611 1696 ligentur
619 1644 641 1682 et
647 1644 777 1696 conceptum
785 1641 875 1683 unionis
883 1644 904 1683 et
912 1641 1038 1684 concordiae

165 1712 318 1768 juramentum
335 1711 371 1767 pie
383 1714 404 1753 et
414 1710 495 1753 Xtiane
506 1711 637 1767 suscipiant,
649 1715 672 1753 et
690 1715 763 1753 sancte
775 1710 898 1753 observent.
929 1710 964 1752 Ad
981 1710 1039 1753 11111

166 1797 228 1839 porro
251 1783 357 1825 unionem
378 1781 550 1826 conservandam
571 1786 594 1824 et
621 1782 763 1825 exercendam
791 1783 907 1825 statuenda
933 1770 1037 1826 duximus

167 1853 289 1909 sequentia.
837 1906 839 1909 ,

195 1971 197 1974 ,
211 1923 345 1967 1111111111
354 1938 427 1967 severe
436 1924 539 1968 omnibus
547 1924 630 1967 nostris
640 1923 739 1976 subditis,
749 1929 796 1967 tam
807 1924 961 1968 ecclesiasticis
969 1939 1035 1981 quam

167 1994 313 2038 saecularibus
335 1999 361 2037 ut
381 1995 467 2038 nullam
489 2010 581 2051 prorsus
606 1995 771 2038 distinctionem
792 1996 881 2048 faciant,
906 1996 984 2038 veteris
1013 2001 1036 2039 et

165 2065 293 2108 recentioris
303 2065 406 2117 Hiberni,
418 2070 444 2108 ut
454 2065 538 2108 nullam
550 2065 705 2107 alienationem
715 2066 851 2109 simultatem
862 2066 896 2109 rel
903 2066 1033 2109 discordiam

163 2137 251 2179 foveant
278 2135 336 2178 inter
360 2136 490 2191 provincias,
512 2135 620 2187 civitates,
648 2135 728 2191 oppida
748 2136 783 2179 vel
808 2137 910 2188 familias,
939 2137 1034 2193 denique

163 2210 188 2248 ut
214 2205 288 2248 nullas
309 2205 469 2249 aemulationes
491 2209 529 2247 aut
559 2206 733 2261 comparationes
765 2206 868 2262 ingerant
896 2211 934 2249 aut
966 2208 1032 2250 insti-

163 2280 236 2329 tuant,
247 2277 407 2333 institutusque
417 2279 566 2333 promoveant.
599 2276 665 2318 Utin
677 2276 772 2332 singulis
783 2277 905 2320 Hiberniae
915 2278 1032 2334 provinciis

164 2362 235 2390 unum
247 2347 276 2390 sit
295 2348 413 2390 concilium
424 2362 451 2390 ex
469 2346 524 2390 clero
540 2346 622 2403 pariter
639 2361 663 2389 ao
679 2347 795 2391 nobilitate
811 2349 937 2401 conflatum,
949 2364 992 2406 quo
1009 2350 1033 2392 in

164 2417 255 2461 concilio
267 2417 311 2460 sint
322 2418 349 2460 ad
361 2418 479 2460 minimum
489 2421 522 2460 tot
532 2431 639 2474 personae
650 2422 705 2474 quot
720 2419 743 2461 in
759 2420 870 2475 provincia
881 2424 933 2463 sunt
943 2421 1033 2462 comita-

162 2494 200 2533 tus
215 2489 349 2542 Provinciae,
368 2505 395 2533 111
411 2489 504 2547 singulis
521 2503 572 2533 vero
589 2489 716 2533 civitatibus
735 2495 757 2534 et
773 2491 860 2548 oppidis
878 2491 1032 2534 celebrioribus

162 2576 268 2618 personae
279 2562 340 2605 duae.

207 2633 322 2675 Statuatur
332 2648 403 2677 unuin
414 2633 515 2689 generale
526 2633 595 2676 totius
607 2634 673 2689 regni¹
681 2634 800 2677 concilium
811 2649 838 2677 11
848 2634 905 2677 clero
915 2632 1029 2676 nobilitate

161 2704 287 2748 civitatibus
303 2719 326 2748 ac
343 2706 430 2762 oppidis
442 2705 604 2758 celebrioribus,
617 2719 660 2761 quo
679 2706 702 2747 in
719 2706 810 2749 concilio
826 2706 872 2749 sint
890 2719 916 2748 ex
934 2704 1028 2759 singulis

161 2773 282 2818 Provinciis
293 2780 338 2820 tres
349 2780 388 2819 aut
398 2791 456 2820 unus
467 2792 493 2820 ex
504 2776 600 2834 singulis
611 2776 736 2819 civitatibus
747 2780 785 2819 aut
793 2775 877 2831 oppidis
885 2773 1028 2818 nobilioribus

161 2843 199 2886 ubi
214 2845 314 2890 civitates
330 2862 375 2891 non
392 2853 452 2901 sunt,
466 2849 501 2892 cui
517 2848 610 2892 concilia
620 2848 764 2892 Provincialia
783 2846 951 2890 subordinentur
962 2849 984 2888 et
1001 2847 1030 2890 ad

161 2913 216 2956 illud
227 2914 253 2957 ab
262 2916 306 2959 illis
314 2919 432 2974 appellatio
443 2920 490 2962 fieri
498 2920 569 2962 valeat
578 2919 646 2962 donec
656 2918 773 2962 concilium
783 2916 824 2959 lroc
831 2916 942 2958 nationale
949 2929 1027 2973 oppor-

161 2989 214 3028 tune
225 2985 273 3042 cogi
288 2988 374 3042 possit:
387 2991 406 3032 si
421 3005 457 3033 res
467 2990 513 3034 ulla
523 2991 600 3045 magni
611 2989 717 3033 momenti
727 2990 825 3031 occurrat
840 2991 878 3029 aut
894 2988 1031 3044 concipiatur
