2416 3337
433 172 577 202 sriomuorun
594 149 737 202 ossournusn.
975 162 1018 205 257
1052 148 1055 152 ,

152 316 394 372 merciiimpeditivum.
414 316 533 370 Speremus
540 315 672 371 jamdudum
677 315 846 357 Dubliniensem
854 316 964 359 civitatem
972 332 1019 361 esse

150 391 300 443 interceptam.
316 386 517 429 lll¹m¹⁵Armacanus
525 386 645 429 Hiberniae
652 386 745 438 Rimas,
753 391 878 429 consecrata
885 387 1019 431 ecclesiaAr-

151 472 248 510 macana,
258 471 371 499 summum
381 456 472 499 Sacrum
482 457 513 499 ibi
522 457 573 499 iecit
582 471 631 499 cuni
642 456 789 508 solemnitate,
798 461 820 499 et
829 457 930 500 similiter
940 458 991 500 fecit
997 460 1021 500 in

151 529 238 571 civitate
247 527 353 579 Pontana
361 527 482 584 habuitque
490 527 602 584 puldicam
609 542 648 584 per
654 530 724 570 totam
731 528 842 570 civitatem
849 528 1020 584 processionem.

151 599 228 655 ipsum
246 613 329 655 corpus
340 600 450 642 exercitus
464 600 640 642 conoomitantur
653 603 747 655 quatuor
758 599 853 655 episcopi
868 604 1021 642 consecrantes

151 686 227 715 omnes
234 672 341 725 ecclesias,
348 687 398 715 oum
403 672 481 715 multis
488 676 510 715 et
518 672 583 714 variis
591 672 706 724 ordinibus
713 671 830 727 religiosis,
841 674 862 713 et
870 672 985 727 praecipue
994 686 1020 714 111

150 742 300 787 Francescano
315 744 339 786 in
350 743 428 786 habitu
439 743 534 800 regulari
548 743 709 785 incedentibus.
742 741 865 784 Prudenter
882 745 905 784 et
920 741 1019 784 modeste

150 828 174 855 se
184 818 264 869 gerunt
277 814 366 865 milites,
379 815 432 857 adeo
448 819 473 857 ut
488 815 534 856 illis
548 814 683 870 prohibitum
699 814 728 856 sit
742 827 789 856 rem
804 814 962 870 cujuscumque
973 815 1017 857 rio·
1075 831 1078 834 ·

149 885 220 927 lenter
238 886 337 940 arripere.
377 885 470 927 Solvunt
488 886 568 941 ubique
587 886 707 929 Catholicis
725 899 764 941 pro
778 876 921 928 vvictualibus.
960 886 1017 928 Cum

150 955 247 998 audisset
257 970 295 997 rex
305 955 406 1011 Angliae,
416 970 443 997 er
453 956 541 997 nunciis
552 955 707 1005 Hiberuorum‚
719 956 855 998 conditiones
865 970 919 1012 quas
937 956 1016 999 Catho-

149 1025 186 1067 lici
201 1026 341 1081 postularunt
358 1026 427 1068 vetuit
444 1039 480 1068 eos
496 1026 566 1068 rocari
582 1025 681 1076 rebelles,
698 1026 737 1067 sed
752 1026 917 1080 conspiratores.
950 1027 1018 1081 Angli

149 1096 206 1138 inter
225 1110 248 1139 se
262 1096 404 1146 dissentiunt,
422 1096 534 1138 Puritanis
550 1095 691 1138 causantibus
708 1095 750 1138 sibi
766 1096 789 1137 in
807 1094 937 1137 Hiberniam
953 1097 1018 1152 profi·

149 1167 201 1210 cisci
210 1169 334 1211 timendum
341 1182 370 1211 ne
377 1168 529 1211 Protestantes
539 1168 607 1224 Angli
617 1168 648 1210 ibi
656 1167 761 1224 degentes
771 1168 795 1209 in
802 1167 861 1223 ipsos
870 1168 1017 1224 insurgerent,

148 1237 250 1295 idemque
257 1238 434 1281 Protestantibus
444 1239 470 1281 de
478 1239 590 1281 Puritanis
598 1239 738 1282 timentibus.
760 1238 848 1281 Dicitur
858 1238 925 1281 etiam
934 1239 1016 1291 (nescio

149 1323 176 1351 an
192 1324 293 1353 rumore
312 1309 379 1362 certo)
397 1310 454 1365 quod
471 1310 531 1352 Scoti
549 1309 643 1353 Hiberni
662 1310 822 1353 insurrexerint
838 1313 913 1352 contra
930 1310 1017 1365 Anglos

150 1379 231 1432 Scotos,
240 1384 262 1422 11
269 1380 294 1422 ab
303 1381 334 1422 eis
341 1384 435 1435 quatuor
442 1381 540 1423 civitates
549 1381 665 1437 coeperint.
697 1380 785 1423 Dicitur
793 1381 859 1422 etiam
868 1380 926 1436 quod
934 1381 1014 1423 Comes

148 1450 175 1491 de
191 1450 312 1504 Tyrconnel
327 1453 348 1491 et
366 1451 395 1491 D.
407 1450 567 1510 Constantinus
584 1451 661 1493 O'Nell
674 1452 697 1493 in
713 1451 843 1493 Hiberniam
860 1466 887 1493 ex
904 1451 1013 1507 Hispania

148 1519 192 1562 sint
207 1520 332 1574 profecturi.
373 1520 431 1570 Quid
449 1522 519 1562 nostri
534 1512 628 1564 Hiber-ni
643 1522 679 1563 hic
697 1521 801 1578 degentes
819 1522 917 1574 iecerint,
937 1523 1012 1565 scietis

148 1589 213 1633 brevi.
226 1590 271 1641 nc„
284 1590 320 1632 dcc.
353 1590 470 1639 Bruxellis,
483 1590 495 1631 6
507 1590 521 1632 J
523 1592 613 1642 anuarii,
626 1591 691 1635 1642.

175 2094 267 2136 Lnrrna
278 2107 305 2136 or
316 2106 360 2135 run
378 2092 492 2136 Cinariam
509 2094 641 2137 Paorncroa
653 2108 684 2146 ro
701 2108 746 2137 run
763 2095 922 2141 Aaounrsnors
933 2110 978 2141 Arn-

308 2165 406 2207 Brsuors
418 2177 444 2206 on
455 2165 563 2218 1111111111,
576 2166 621 2209 Zur
632 2166 763 2219 1111111111,
775 2166 841 2209 1612.

417 2278 476 2320 (Fnorr
485 2288 522 2310 11111
532 2278 560 2311 Sr.
569 2278 660 2311 Isinonn’s
669 2279 729 2322 MSS.)

163 2381 347 2425 Anonrnrrsoorrs
368 2395 398 2424 nr
418 2381 536 2424 Errsoorrs
557 2381 692 2425 Giruonrors
713 2395 737 2425 ru
758 2382 839 2425 Raouo
861 2384 993 2427 Hrnnarmn

502 2464 652 2495 eousrrrurrs.

186 2563 284 2607 Multum
306 2569 339 2607 est
357 2565 381 2606 111
405 2578 448 2620 quo
472 2564 529 2619 apud
546 2564 651 2607 Divinam
672 2565 793 2609 bonitatem
815 2565 874 2618 DD„
900 2565 955 2617 VV..
980 2567 1004 2609 in

141 2649 206 2691 grege
223 2636 264 2679 sibi
275 2637 391 2680 commisso
404 2635 545 2679 custodiendo
562 2636 668 2680 demereri
684 2638 777 2681 valeant.
815 2638 857 2680 Sed
872 2651 916 2680 non
928 2637 1003 2681 minus

141 2710 229 2759 gratum
244 2707 291 2750 Deo
312 2707 394 2750 accidet
417 2708 440 2749 in
456 2708 579 2763 praesentia
594 2695 724 2765 obsequium
740 2708 795 2751 illud
811 2708 868 2764 quod
885 2706 1001 2761 Religioni,

140 2777 250 2830 ecclesiae,
269 2778 388 2821 Catholicis
404 2793 490 2821 summa
505 2793 554 2822 cum
570 2779 665 2822 utilitate
685 2779 786 2822 1111111111
802 2780 910 2834 poterunt.
944 2778 1001 2828 Quid

139 2845 207 2900 igitur
217 2848 240 2888 in
251 2848 379 2892 difficillimo
389 2849 430 2892 lroo
445 2864 519 2892 rerum
530 2853 589 2893 statu
599 2851 727 2907 praestituri
743 2850 802 2899 sitis.
815 2846 938 2903 sponsionis
954 2847 1001 2892 loco

139 2918 173 2957 est
189 2918 274 2973 egregia
286 2919 356 2971 pietas
368 2923 390 2962 et
402 2920 480 2963 domus
496 2921 587 2964 Domini
602 2922 670 2973 aelus,
688 2936 729 2978 quo
739 2919 823 2962 incensi
832 2917 892 2960 illius
908 2916 1001 2973 gloriam

139 2985 241 3029 omnibus
256 2987 360 3031 humanis
378 2990 444 3033 rebus
460 2992 567 3035 anteferre
587 2991 736 3036 consuevistis.
776 2988 869 3031 Minime
888 3001 927 3031 ros
948 2990 1003 3034 latet·

908 3070 918 3095 S
