2416 3337
200 251 242 294 17⁵2
480 262 623 295 srrcruneruu
640 241 781 295 ossoaruusn.

198 412 292 455 honesta
302 413 424 457 ministrer.
437 415 605 466 sustentatione,
615 414 671 457 nulli
679 428 735 471 pene
746 414 803 457 docti
814 414 881 465 sacris
889 413 971 455 initiari
977 412 1064 464 vellent,

199 483 241 526 scd
247 484 330 527 indocti
337 485 456 537 dumtaxat,
463 489 484 528 11
491 485 586 529 Eccliae.
593 485 691 536 inutiles,
697 485 735 541 qui
743 482 829 542 apres*
836 484 942 541 Regibus.
949 484 986 527 1111
994 482 1066 538 aliquo

200 555 311 611 stipendio
328 558 426 600 contenti
447 560 536 608 essent;
561 557 620 600 unde
642 556 765 598 animarum
781 570 856 598 curam
873 569 917 597 non
935 554 980 597 sine
999 553 1067 596 animi

200 625 274 668 dolore
286 626 365 670 debitis
380 628 503 671 fraudatam
516 627 628 683 obsequiis
639 626 817 682 ingemiscimus3
834 639 874 667 nec
885 625 932 680 ipse
940 624 995 680 Eps.
1008 623 1067 666 adse

201 697 342 750 sufficienter,
354 703 393 741 aut
400 701 465 755 juxta
476 699 607 755 dignitatem
622 696 791 741 sustentandum
807 696 880 737 media
896 695 980 746 habuit,
998 693 1067 751 predu-

200 767 346 824 Regularibus
357 770 396 825 qui
406 770 461 811 forte
477 768 594 823 aliquando
605 766 731 823 paucissimi
746 780 836 808 numero
847 768 916 815 erant,
930 767 984 807 etin
995 766 1066 808 aliena

199 836 279 880 dioece.
288 839 420 889 residebant,
432 839 516 880 fructus
528 838 571 880 sibi
583 836 728 880 sumentibus.
761 836 866 887 Quocirca
876 835 965 877 animer.
978 835 1065 877 luorum

198 911 250 949 ante
268 908 342 950 omnia
359 909 445 960 sitiens,
458 912 479 949 et
490 907 654 963 impedimentis
666 906 790 962 spirituales
800 910 833 948 tot
847 906 945 962 populor.
955 906 1065 962 proiectus

197 977 350 1032 impediendis,
360 981 469 1035 quantum
478 992 528 1020 cum
539 977 587 1021 Deo
595 991 693 1034 possum,
703 991 813 1020 occurrere
821 977 955 1028 desiderans,
969 991 1009 1019 nec
1020 991 1065 1019 non

197 1049 249 1104 Epi.
257 1052 278 1091 et
288 1049 346 1091 Cleri
356 1049 478 1092 Kilmoren.
489 1051 615 1105 paupertati
622 1051 716 1092 fraterne
725 1045 850 1101 condolens,
860 1063 910 1092 curn
915 1049 962 1105 jam
970 1050 994 1091 in
1001 1049 1065 1091 dictis

198 1121 341 1163 hlonasteriis
352 1121 378 1163 de
389 1121 502 1173 Keanlios,
512 1125 533 1163 et
543 1122 604 1164 Four
614 1122 676 1164 nulla
684 1122 756 1178 vigeat
764 1122 857 1178 Reglris.
865 1122 1007 1172 obseruantia,
1016 1120 1064 1163 nul-

197 1191 284 1248 lusque,
297 1191 332 1248 qd.
349 1192 424 1242 sciam,
440 1207 467 1234 er.
477 1192 582 1235 alterutro
598 1192 657 1242 Ord,
670 1191 692 1234 h.
705 1207 724 1234 e.
737 1180 1063 1249 0111111111.11111111111111-

198 1261 285 1312 dictor„
296 1265 334 1304 aut
348 1262 399 1304 Ord.
418 1261 439 1304 S.
451 1257 536 1304 Bened*
547 1263 571 1305 in
589 1262 692 1304 alterutra
702 1263 794 1317 praedm·
814 1261 947 1304 dioecesium
961 1261 1026 1311 rirat,
1042 1264 1064 1302 et

197 1335 295 1388 praefata
305 1334 349 1377 duo
359 1334 493 1375 illonasteria
504 1334 651 1376 sacerdotibus
661 1333 806 1376 saecularibus
816 1331 862 1375 sint
871 1332 1029 1382 commendata,
1042 1335 1064 1374 et

197 1405 239 1447 alia
250 1405 316 1447 etiam
327 1404 468 1455 ltlonasteria,
480 1404 504 1445 in
514 1404 562 1459 ipsa
573 1405 696 1447 Kilmoren.
709 1402 827 1447 diocesia
846 1404 891 1446 sint
902 1404 981 1459 amplis
996 1404 1063 1446 etiam

195 1474 373 1532 possessionibus
384 1475 471 1526 dotata3
484 1475 543 1517 salvo
554 1476 577 1517 in
589 1476 629 1518 hac
639 1489 663 1517 re
673 1475 759 1517 meliori
772 1475 862 1531 judicio,
872 1474 974 1517 existimo
988 1474 1062 1516 sedem

195 1547 237 1601 Ap.
243 1560 293 1588 cum
300 1560 380 1602 niagno
387 1545 511 1587 animarum
518 1545 641 1588 Kilmoren.
650 1545 717 1588 dioec.
725 1550 832 1601 proventu
839 1547 945 1588 facturam
952 1546 970 1587 si
977 1559 1061 1596 omnes,

195 1632 256 1674 quas,
264 1618 356 1674 praefati
362 1617 454 1673 Reglres
464 1617 559 1660 decimas
567 1618 591 1659 in
598 1617 735 1659 Kilmorensi
743 1617 808 1660 dioec.
818 1621 868 1659 ante
877 1616 972 1659 schisma
980 1615 1061 1658 habue-

195 1692 254 1739 runt,
272 1688 371 1744 ejusdem
388 1688 451 1730 Dioc.
462 1687 519 1743 Epo.
534 1692 555 1729 et
567 1687 630 1729 Olero
646 1688 763 1730 restituere
778 1688 912 1744 dignabitur,
931 1687 1061 1742 eosdemque

195 1761 281 1802 fructus
293 1774 306 1801 a
315 1754 398 1815 praedm*
410 1758 534 1808 dissolvere,
546 1761 568 1801 et
578 1758 664 1815 praedRev
675 1759 758 1800 ciuitati
769 1762 790 1801 et
801 1758 865 1801 Olero
881 1758 1002 1800 Kilmoren.
1014 1772 1061 1813 per-

196 1835 264 1886 petuo
275 1831 339 1872 unire
354 1831 379 1872 in
389 1830 441 1885 Epi.
458 1833 479 1871 et
489 1832 603 1885 pastorum
615 1830 798 1872 sustentationem
808 1845 903 1872 necnon
920 1844 996 1872 omnes
1014 1829 1061 1871 Kil-

196 1915 280 1944 mcren.
295 1900 408 1943 Ecclesias
429 1914 456 1941 11
474 1899 537 1955 qbus.
556 1900 641 1955 praeur-
660 1900 755 1942 decimae
771 1900 895 1956 praelibatis
916 1900 1062 1955 Regularibus

196 1973 343 2023 solvebantur,
355 1972 381 2014 ab
393 1971 453 2013 omni
464 1970 616 2026 dependentia,
629 1975 650 2014 11
662 1961 711 2028 jure
723 1975 850 2027 patronatus
865 1971 959 2027 praedm·
972 1972 1061 2014 Menas·

195 2045 301 2087 teriorurn
320 2046 341 2084 et
352 2042 467 2099 Reglrium
483 2047 589 2098 perpetuo
601 2043 695 2085 eximere
705 2043 844 2086 conformiter
854 2043 875 2085 S.
888 2042 913 2085 O.
926 2043 985 2086 Trid.
1002 2042 1059 2086 decr.

194 2128 224 2158 ss.
238 2114 272 2164 14,
291 2127 309 2155 c.
319 2112 368 2164 IX,
378 2116 400 2154 11
414 2126 459 2154 non
474 2112 576 2155 obstante
592 2112 660 2169 ejusd.
677 2112 736 2155 Trid.
749 2127 778 2156 ss.
790 2113 826 2164 24,
839 2127 857 2156 1.
869 2113 935 2155 XHI.
952 2113 1060 2156 demodis

193 2185 285 2229 uniendi
300 2184 385 2227 decreto
401 2184 435 2227 111
450 2183 499 2226 aliis
510 2184 685 2240 quibuscumque
698 2184 791 2240 juribus,
804 2199 897 2241 quorum
909 2184 1060 2228 solemnitates

192 2263 215 2300 et
222 2257 328 2314 requisita
335 2257 358 2299 in
367 2257 408 2299 hoc
416 2270 483 2311 regno
492 2256 652 2312 obtemperem
660 2256 805 2299 conditionem
813 2256 894 2299 servari
902 2260 940 2298 aut
947 2257 1059 2313 praemitti

193 2330 282 2372 omnino
310 2342 354 2371 non
372 2332 473 2384 possunt.
512 2327 544 2369 Et
559 2328 611 2371 licet
632 2328 846 2383 inpraesentiarum
866 2342 906 2384 per
931 2322 1068 2385 hujusmodi

193 2400 305 2442 Unionem
321 2402 359 2440 aut
375 2399 541 2454 dispositionem
559 2413 637 2454 parum
657 2402 695 2440 aut
709 2398 766 2441 nihil
781 2398 925 2441 emolumenti
942 2398 1004 2440 Clerc
1021 2402 1059 2440 aut

192 2468 273 2526 populo
294 2467 416 2510 1111111111.
434 2471 546 2519 adcrescat,
564 2483 614 2511 cum
633 2468 725 2511 durante
744 2469 861 2512 schismate
880 2469 965 2510 huntus
985 2468 1059 2511 nullos

192 2539 322 2597 percipiant,
340 2539 397 2581 sicut
407 2542 429 2579 11
439 2539 533 2593 Reglris.
550 2540 686 2582 observantia
704 2539 762 2582 nihil
780 2540 845 2581 etiam
867 2534 994 2580 detrimenti
1008 2539 1059 2581 inde

192 2624 268 2666 capere
278 2612 352 2665 potest
359 2612 408 2650 tum
420 2608 446 2651 ob
455 2608 552 2651 eamdem
563 2610 677 2663 rationem,
686 2614 736 2651 turn
747 2610 813 2652 etiarn
824 2608 860 2664 qd.
870 2608 967 2664 Reglres.
977 2608 1058 2652 ibidem

191 2681 248 2723 nulli
265 2679 383 2735 supersint,
397 2677 424 2720 ad
434 2677 547 2721 literarum
557 2682 631 2721 tamen
643 2679 715 2722 studia
726 2679 791 2721 multi
801 2679 904 2734 praemia,
924 2681 946 2720 et
960 2682 1058 2735 tempora

190 2752 280 2794 meliora
292 2753 406 2806 sperantes
418 2748 578 2800 excitabuntur,
593 2753 615 2791 et
625 2753 732 2806 quotquot
741 2750 786 2804 jam
797 2749 820 2790 in
837 2749 900 2791 vinea
910 2748 1016 2800 laborant,
1032 2749 1058 2792 ad

189 2836 238 2865 eam
250 2821 392 2864 excolendam
402 2819 521 2862 reddentur
533 2819 653 2871 alacriores,
666 2823 687 2861 et
699 2819 738 2870 sic,
750 2820 785 2860 dac.

234 2922 318 2964 Datum
330 2936 356 2964 ex
366 2922 413 2965 leco
425 2918 547 2963 mansionis
558 2933 627 2971 meae,
639 2920 652 2960 2
664 2919 716 2960 Dec.
730 2919 794 2961 1630.

600 3020 668 3062 Haeo
684 3019 777 3072 Rnrnnr,
794 3019 907 3076 Archiep‘ffi·
923 3020 1025 3065 Ardmac.

666 3102 735 3145 totius
746 3102 865 3145 Hiberniae
874 3104 964 3159 primas.
