2416 3337
415 156 559 186 serornneiurr
575 154 718 184 ossoaruusu.
975 140 1004 182 95

135 297 164 339 tis
175 297 237 347 Jesu,
247 301 269 338 et
280 297 329 337 aliis
341 296 461 338 Catholicis
473 300 570 337 extremo
580 295 677 350 periculo
687 295 744 336 ritae
755 292 905 335 laborantibus
916 294 1005 336 omnino

136 380 177 421 que
188 369 301 420 expectato
312 365 465 421 Hispanorum
481 365 562 408 auxilio
573 365 700 415 <restituas
718 379 730 406 a
741 362 872 419 quibusdam
883 367 1005 413 accusatus,

135 439 157 477 et
168 435 194 476 ab
205 434 320 478 haereticis
337 440 414 491 captus
430 440 470 488 est,
482 436 585 478 manibus
596 450 609 477 a
619 440 681 491 tergo
692 435 774 490 ligatis,
787 447 837 476 cum
852 434 906 476 fune
916 434 940 475 in
950 432 1005 489 pede

134 509 240 559 tanquam
256 505 312 548 latro
330 521 358 549 ne
376 507 470 563 effugere
488 510 570 563 posset,
583 506 641 549 ultra
660 509 743 561 septem
761 504 884 546 miliaribus
900 517 1006 559 passuum

135 573 285 617 Wexforcliam
301 590 371 632 usque
387 577 415 619 ad
431 591 538 619 carcerem
554 577 674 632 perductus
690 579 731 626 est,
744 578 766 617 et
777 589 815 629 per
825 574 908 630 aliquot
918 587 1006 616 menses

135 643 166 685 ibi
182 644 284 688 detentus
306 651 384 702 postea
400 648 498 703 proregis
514 648 581 703 jussu
600 660 684 689 carcere
711 645 812 687 educitur
831 648 853 686 et
874 643 1006 685 Dublinium

134 715 302 770 usque-distat
313 718 427 773 sexaginta
433 717 555 760 miliaribus
561 730 668 773 passuum
674 715 776 758 -eoclem
783 719 805 757 et
813 714 933 757 crudeliore
941 713 1006 756 modo

136 783 215 827 ductus
233 786 257 827 in
276 788 454 843 ergastulumque
464 789 576 843 conjectus
593 791 627 830 est
637 801 642 837 ;
660 790 711 842 post
729 785 819 841 aliquot,
837 798 895 836 vero,
913 784 960 826 dies
979 783 1005 825 ad

134 852 231 894 tribunal
241 856 364 905 arcessitur,
377 860 399 898 et
409 861 514 911 tanquam
524 857 650 898 malefactor
665 856 741 898 multis
752 854 870 897 falsissime
880 857 1003 903 accusatur,

137 920 216 975 quibus
227 922 264 965 ille
275 925 410 979 respondens
416 940 466 967 vera
472 926 609 967 confirmavit
620 926 706 967 Summi
714 924 828 966 Pontificis
836 923 988 965 auctoritatem
997 938 1002 973 ;

134 990 195 1042 falsa,
212 1006 269 1043 vero,
287 1007 342 1049 quae
357 995 390 1036 illi
406 995 571 1051 opponebantur
589 1009 669 1050 negare
684 994 776 1035 minime
799 993 907 1035 dubitarit
925 992 1004 1034 deinde

133 1060 214 1103 iterum
222 1061 372 1106 Wexfordiam
383 1064 487 1115 mittitur,
500 1064 589 1106 demum
600 1064 706 1105 itinerum
721 1061 838 1111 laboribus,
851 1074 1005 1115 carcerumque

134 1131 241 1186 squallore
252 1137 274 1175 et
284 1133 413 1176 infirmitate
425 1138 569 1190 consumptus
580 1134 690 1189 optimum
704 1126 829 1188 exemplum
844 1132 890 1173 veri
906 1131 1004 1174 sacerdo-

132 1202 162 1243 tis
172 1201 299 1258 relinquens
310 1204 372 1255 obiit,
382 1205 440 1247 A.D.
453 1206 518 1247 1581.

178 1271 273 1315 'ihomas
290 1274 394 1325 Quoneus
412 1275 519 1325 sacerdos,
537 1275 569 1316 uir
585 1274 729 1324 venerandus,
750 1274 777 1315 ab
794 1273 885 1315 ecclesia
894 1272 1004 1327 praeclare

133 1342 225 1385 meritus
233 1343 284 1398 quia
294 1344 393 1387 infinitas
401 1345 445 1387 iere
454 1345 538 1387 animas
547 1344 562 1386 J
563 1358 602 1386 esu
610 1343 699 1386 Christo
706 1342 860 1385 reconciliarit.
893 1342 1002 1392 Infantes,

132 1425 189 1462 vero,
198 1416 221 1453 et
231 1413 331 1467 parrulos
342 1415 385 1456 fide
393 1415 505 1457 Oathclica
513 1414 607 1457 erudivit
616 1418 637 1456 et
643 1417 758 1469 propterea
766 1412 792 1455 ab
801 1413 917 1455 haereticis
925 1427 1001 1468 appre-

132 1481 215 1523 hensus
227 1486 249 1523 et
260 1482 419 1526 Waterfordiae
429 1486 453 1525 111
464 1499 547 1526 carcere
562 1484 600 1526 diu
614 1485 717 1525 detentus
733 1487 774 1525 est.
801 1483 886 1525 Deinde
902 1484 1001 1538 proregis

130 1552 196 1606 jussu
207 1551 313 1603 educitur,
332 1557 354 1594 et
364 1567 409 1595 una
420 1567 470 1595 curn
480 1553 576 1596 ciritatis
587 1553 731 1609 gubernatore
743 1556 765 1594 et
775 1552 887 1594 nonnullis
904 1552 952 1594 aliis
962 1565 1001 1594 no·

132 1620 212 1663 bilibus
220 1621 306 1672 vinctis,
314 1622 445 1666 Dublinium
453 1638 528 1666 versus
537 1624 639 1679 navigare
648 1623 743 1679 cogitur:
759 1623 848 1664 indicta
858 1625 933 1664 autem
941 1624 1001 1664 nari-

132 1692 219 1747 gatione
233 1693 373 1749 naufragium
384 1708 462 1750 passus
474 1698 515 1745 est,
528 1699 550 1737 et
562 1694 719 1737 semimortuus
729 1694 752 1735 in
764 1693 837 1735 littore
848 1707 860 1734 a
870 1692 1003 1749 quibusdam

101 1816 105 1821 θ
132 1761 241 1804 militibus
258 1762 361 1806 inventus
383 1764 421 1820 qui
439 1765 562 1807 nescientes
580 1764 694 1806 hominem
711 1763 845 1806 sacerdotem
863 1762 1002 1805 Catholicum

132 1830 207 1881 fuisse,
217 1845 268 1873 eum
275 1832 430 1887 spoliaverunt,
438 1835 475 1890 qui
483 1837 505 1876 et
513 1833 610 1889 hyemali
615 1838 721 1889 tempore,
733 1832 819 1888 quando
830 1832 899 1888 frigus
907 1833 1002 1874 maxime

132 1901 198 1955 viget,
214 1902 276 1956 quasi
296 1902 369 1945 nudus
390 1904 513 1947 incedebat.
545 1902 575 1946 Aa
590 1904 649 1946 illico
666 1903 760 1946 scientes
776 1903 889 1945 hominem
906 1902 1004 1945 sacerdo·

132 1973 211 2012 temet
227 1968 365 2014 Catholicum
382 1987 437 2024 esse,
450 1974 470 2015 ei
486 1974 561 2016 omnia
577 1987 618 2015 sua
633 1973 787 2023 restituerunt,
799 1986 893 2027 eumque
909 1971 1003 2014 liberum

132 2037 264 2082 dimiserunt
275 2041 313 2095 qui
320 2041 496 2092 wataferdiam,
509 2056 564 2097 quae
576 2056 615 2084 sua
622 2043 692 2097 patria
703 2046 754 2092 erat,
765 2055 871 2092 reversus,
884 2042 965 2083 iterum
976 2039 1002 2083 ab

131 2101 246 2150 haereticis
265 2114 341 2164 captus
355 2115 397 2153 est.
429 2111 533 2153 Attamen
550 2116 638 2167 propter
657 2112 753 2154 hominis
772 2112 883 2161 virtutem,
901 2124 947 2153 non
965 2110 1001 2153 de-

132 2179 220 2220 fuerunt
230 2179 314 2222 nobiles
325 2181 363 2236 qui
369 2195 408 2236 pro
418 2181 541 2224 Sacerdotis
552 2182 658 2224 fidelitate
666 2196 690 2225 se
699 2181 830 2237 obligabant,
837 2182 869 2223 ita
876 2185 902 2224 ut
911 2181 1002 2223 domum

132 2263 171 2304 pro
182 2263 265 2291 carcere
275 2249 352 2292 habuit
363 2251 386 2292 in
397 2265 440 2307 qua
451 2265 536 2307 semper
547 2266 599 2294 cum
608 2266 689 2308 magua
696 2253 811 2308 patientia,
819 2256 841 2294 et
851 2252 874 2293 111
882 2251 1003 2294 orthodoxa

132 2319 175 2361 fide
185 2322 344 2375 perseverantia
354 2322 429 2364 virens
440 2322 495 2364 clam
512 2322 540 2365 ad
558 2322 600 2365 Dei
617 2323 716 2379 gloriam,
734 2327 754 2365 et
771 2321 935 2365 Catholicorum
946 2323 1003 2366 salu-

132 2393 185 2440 tem,
198 2390 338 2433 Sacramenta
348 2392 495 2447 poenitentiae
507 2396 529 2435 et
543 2392 698 2435 Eucharistiae
715 2393 842 2448 saepissime
860 2393 1002 2435 ministravit.

109 2495 111 2499 Α
133 2460 238 2511 Tandem,
247 2461 293 2503 Deo
303 2476 389 2505 serrum
398 2477 463 2505 suum
471 2463 498 2505 ad
506 2462 606 2505 debitum
614 2463 726 2506 laboribus
734 2463 855 2519 praemium
862 2467 960 2514 vocante,
966 2464 1004 2519 qui

109 2587 112 2591 ⁴
132 2544 177 2571 uno
187 2530 306 2587 eodemque
318 2532 352 2574 die
363 2536 414 2588 post
425 2547 511 2576 sacrum
522 2534 631 2576 matutino
642 2538 741 2590 tempore
756 2538 868 2589 peractum
878 2534 1003 2589 vespertino

132 2614 182 2642 vero
191 2601 238 2643 sine
246 2603 341 2657 corporis
349 2603 484 2655 infirmitate,
492 2604 558 2646 hilari
565 2604 636 2657 xalta,
642 2619 764 2661 magnaque
773 2605 842 2647 animi
850 2604 1001 2662 tranquilitate

133 2669 271 2723 obdormivit,
283 2672 340 2714 Ar).
354 2673 420 2725 1583,
433 2675 512 2717 aetatis
523 2689 574 2717 suae
585 2689 643 2717 anno
646 2707 745 2718 .....

434 2791 469 2832 Da
485 2791 564 2833 Larors
580 2791 698 2835 Duenmu.

177 2868 296 2913 Mauritius
307 2871 426 2914 Eustatius
436 2872 518 2915 illustri
529 2873 612 2916 familiai
623 2878 696 2925 natus,
705 2873 793 2916 Artium
803 2873 913 2928 magister,
923 2870 1002 2914 Sacrae

133 2937 263 2992 Theologiae
276 2941 395 2994 studiosus
408 2947 430 2985 ct
443 2943 557 2987 Societatis
565 2943 631 2996 ‘Jesa
643 2944 724 2999 Brugis
740 2945 762 2985 in
779 2942 888 2995 Flandfia,
901 2943 1002 2986 novicius
