2416 3337
201 206 230 247 86
480 221 625 253 sarminetum
641 221 784 255 ossonmnsn⁴

199 367 251 407 tum
262 366 286 408 in
297 367 377 424 Anglia
388 368 415 410 ad
426 369 553 424 iniquorum
561 367 661 427 judicum
677 373 774 416 tribunal
790 373 935 422 collocaretur
954 386 977 414 ac
993 371 1069 413 multis

201 435 321 480 falsissime
333 442 477 491 accusaretur,
491 444 516 482 ut
527 444 632 496 tanquam
642 443 734 485 traditor
749 458 772 485 ac
789 442 887 485 criminis
903 442 974 483 laesae
992 441 1069 496 majes-

201 506 257 548 tatis
268 521 318 549 reus
337 507 452 551 duodecim
464 510 596 552 secularium
607 513 725 563 sententia,
737 516 813 555 contra
823 524 899 554 omnes
915 507 976 565 leges
985 510 1070 552 ecolesi-

203 576 284 619 asticas
296 580 317 618 et
328 578 404 621 civiles
415 579 604 630 condemnaretur,
617 594 704 636 semper
720 582 848 623 miraculose
867 584 888 622 11
906 579 979 621 divino
996 579 1070 634 potius

202 659 269 701 quam
277 648 374 690 humano
382 649 464 691 auxilio
474 649 530 692 liber
540 651 615 693 euasit.
637 651 683 692 Nec
693 651 777 693 inventi
789 654 841 693 sunt
852 649 890 704 qui
897 649 962 690 illum
969 649 1070 691 condem·

202 720 272 766 arent,
284 717 335 759 licet
347 717 374 759 ob
385 719 448 759 illam
458 733 554 769 causam,
567 719 683 773 aliquando
693 720 717 760 in
727 719 828 768 vinculis,
841 731 890 759 cum
901 718 1009 759 bonorum
1020 731 1069 759 con-

200 786 314 829 fiscatione
330 788 367 828 diu
384 788 547 830 detinebantur.
585 788 653 830 Hisce
671 793 693 830 11
712 787 821 830 similibus
839 786 961 828 incomodis
979 786 1069 828 affectus

198 854 296 898 invictus
308 856 385 898 christi
395 856 459 899 miles
470 858 493 898 in
510 857 627 899 catholicae
644 857 695 898 fidei
711 857 847 899 confessione
863 856 885 896 in
903 855 958 910 ipsis
976 855 1069 897 vinculis

197 937 236 978 per
248 924 276 965 18
292 938 400 967 annorum
418 927 516 981 spatium
534 939 667 981 permanens
686 929 799 968 senectute
817 924 950 980 carcerisque
968 924 1069 978 squalore

197 998 344 1050 consumptus
355 996 379 1036 111
391 1009 439 1037 arce
450 997 600 1047 noromensi,
612 998 647 1039 uti
657 990 723 1039 verus
732 1001 754 1039 et
765 997 828 1039 fortis
842 995 940 1039 veritatis
950 995 1069 1037 catholicae

198 1064 310 1107 confessor
321 1065 425 1120 migrauit
436 1066 463 1108 ad
473 1066 597 1109 Dominum
607 1068 663 1109 circa
674 1080 758 1109 annum
769 1066 835 1107 1585.

244 1133 364 1177 Mauritius
374 1134 489 1178 Macbrien
500 1137 645 1179 Imolacensis
662 1149 731 1191 epus,
747 1140 867 1190 postquam
884 1134 907 1174 in
918 1133 996 1175 multis
1006 1132 1068 1187 regni

199 1204 300 1259 partibus
310 1204 437 1261 Episcopali
447 1207 580 1261 fungebatur
590 1206 667 1256 officie,
680 1206 706 1248 ab
717 1205 831 1247 haereticis
841 1203 991 1258 apprehensus
1007 1207 1029 1243 et
1044 1203 1068 1242 111

200 1275 337 1331 ergastulum
356 1278 468 1331 conjectus
486 1282 527 1319 est.
559 1278 609 1333 lpse
625 1290 675 1318 vero
691 1277 715 1317 in
731 1274 843 1329 religionis
863 1272 922 1315 cultu
941 1275 1067 1314 consuanter

198 1357 347 1399 perseverans,
359 1345 383 1387 in
394 1346 487 1400 ipsamet
498 1347 598 1388 custodia
608 1346 676 1388 obivit
687 1343 788 1386 Dublinii
799 1343 854 1384 circa
865 1355 948 1383 annum
960 1342 1026 1383 1586.

243 1413 351 1455 Patritius
368 1414 482 1457 O'Heleus
504 1415 526 1456 d.
543 1414 656 1456 Francisci
673 1413 764 1463 familia,
787 1413 912 1468 Episcopus
930 1410 1065 1465 Maycensis,

197 1481 243 1522 11111
254 1494 304 1522 cum
314 1480 468 1525 illustrissimo
485 1483 579 1538 quodam
589 1483 644 1534 viro,
656 1484 723 1525 etiam
739 1482 849 1538 religiose,
862 1481 950 1523 nomine
970 1479 1067 1522 Gonaldc

198 1549 301 1599 omont,
313 1549 340 1591 ab
351 1549 468 1593 haereticis
476 1556 561 1607 captus,
574 1556 595 1593 et
606 1552 630 1593 in
638 1566 746 1594 carcerem
757 1552 865 1601 inclusus,
875 1550 957 1603 diuque
965 1550 1067 1591 detentus

196 1623 231 1661 est
241 1634 246 1670 3
263 1619 302 1661 ubi
312 1619 382 1661 multa
390 1620 418 1661 ad
427 1620 469 1662 Dei
481 1621 581 1675 gloriam,
593 1622 718 1662 animarum
726 1621 827 1671 salutem,
836 1620 926 1662 consilio
936 1622 958 1661 ct
967 1618 1066 1674 exemplo

197 1689 300 1742 operatus
309 1689 465 1742 est‚patienter
474 1688 563 1731 ferendo
572 1689 672 1731 miserias
682 1693 703 1731 et
711 1703 793 1744 poenas
801 1690 827 1731 ab
836 1689 952 1731 haereticis
962 1688 1065 1741 inflictas.

198 1756 298 1799 Tandem
308 1758 408 1811 proregis
416 1758 483 1813 jussu
493 1773 544 1801 cum
556 1759 613 1801 socio
624 1758 652 1800 ad
662 1759 734 1801 forum
741 1757 846 1814 judiciale
857 1761 1016 1813 praesentatur,
1027 1757 1065 1799 ubi

197 1825 222 1867 in
233 1825 310 1867 multis
322 1825 441 1868 falsissime
451 1830 566 1870 accusatus
582 1831 622 1879 est,
640 1828 679 1869 sed
695 1831 780 1882 praeter
792 1828 878 1870 Summi
889 1827 1004 1869 Pontificis
1015 1840 1064 1867 auc-

199 1895 312 1938 toritatem
323 1909 389 1950 quam
400 1896 499 1938 animoso
511 1910 596 1952 semper
606 1896 736 1946 defenderit,
753 1895 779 1937 ab
796 1895 897 1938 omnibus
908 1896 1014 1937 liberatus
1025 1900 1065 1936 est.

197 1965 303 2007 Attamen
314 1978 359 2007 non
371 1966 441 2008 evasit
449 1966 608 2008 haereticorum
623 1978 719 2013 manus3
734 1979 793 2017 nam,
805 1969 918 2020 propterea
929 1966 988 2020 quod
999 1966 1064 2007 Sum-

196 2047 259 2075 mum
264 2034 394 2076 Pontificem
402 2039 436 2077 est
443 2035 558 2082 confessus
565 2049 641 2077 verum
648 2033 878 2090 unumqueEcclesiac
885 2037 957 2089 caput,
963 2034 1007 2076 11111
1014 2047 1064 2075 cum

196 2103 262 2153 socio,
279 2106 384 2159 tanquam
400 2104 500 2155 traditor,
519 2108 540 2145 et
559 2117 609 2145 reus
627 2103 727 2144 oriminis
743 2102 802 2144 lesae
818 2103 939 2157 majestatis
951 2102 977 2144 ab
987 2103 1064 2155 iniquo

191 2172 266 2226 J'udice
275 2172 435 2215 condemnatus
444 2176 484 2215 est.
504 2175 518 2194 “
528 2173 596 2224 Gur‚”
607 2174 638 2215 ait
648 2172 742 2214 Sanctus
753 2171 850 2226 proesul,
864 2173 909 2214 “tu
921 2173 988 2228 impie
996 2173 1065 2227 judex

195 2242 244 2284 sine
255 2243 301 2284 ulla
311 2242 411 2298 legitima
423 2244 495 2294 causa,
508 2247 530 2285 et
542 2244 590 2285 sine
600 2243 738 2292 auctoritate,
751 2245 826 2283 contra
834 2255 874 2284 nos
881 2242 992 2297 injustum
999 2242 1064 2284 hodie

195 2312 279 2365 profers
288 2312 450 2366 jusjurandum.
482 2313 520 2354 En
530 2315 534 2356 1
546 2314 588 2355 tibi
599 2313 655 2364 dico,
664 2311 826 2366 decimaquinta
839 2311 917 2354 abhinc
928 2311 971 2362 dic,
984 2312 1064 2366 ajusto

195 2383 218 2420 et
229 2380 380 2434 omnipotente
389 2380 462 2434 judice
470 2381 627 2434 judicaberis.''
660 2380 723 2431 Quod
735 2384 756 2422 et
766 2380 851 2421 factum
860 2383 907 2431 est3
919 2393 979 2429 narn,
988 2380 1063 2422 eadem

196 2447 360 2500 decimaquinta
369 2447 404 2489 die
415 2452 498 2502 postea,
509 2462 586 2503 prorex
594 2449 632 2491 ille
640 2449 664 2491 in
673 2453 747 2504 aperto
756 2461 840 2503 campe,
848 2449 872 2489 iu
879 2462 918 2490 sua
924 2448 1063 2504 haeresiper-

195 2529 306 2567 severans,
324 2516 480 2558 miserabiliter
491 2517 553 2567 obiit,
566 2517 624 2559 etde
634 2519 698 2572 justat
708 2517 770 2559 illius
782 2516 898 2567 sententia,
914 2516 990 2559 nullus
1001 2517 1062 2560 dubi-

194 2585 257 2627 tandi
267 2584 403 2638 relinquitur
413 2583 637 2640 locus-Episcopus,
650 2599 709 2636 vero,
722 2599 773 2627 cum
791 2585 849 2627 socio
865 2586 947 2640 pariter
963 2585 1063 2628 condem-

193 2659 254 2707 nato,
266 2669 278 2697 e
289 2654 378 2697 civitate
389 2655 536 2697 Limericensi
551 2654 575 2696 in
591 2655 697 2711 oppidum
714 2654 773 2708 quod
783 2654 848 2708 vulgo
859 2654 999 2705 Kilmallock,
1015 2671 1062 2711 per-

193 2724 273 2768 ductus
300 2728 341 2775 est,
369 2736 436 2778 quem
459 2738 591 2780 magnorum
613 2729 748 2768 armatorum
769 2738 875 2767 numerus
893 2725 1061 2777 comitabantur,

192 2795 296 2838 manibus
312 2799 388 2849 atergo
399 2794 481 2849 ligatis,
493 2808 544 2836 cum
556 2795 607 2836 fune
623 2796 647 2837 in
663 2795 726 2850 pede,
743 2797 849 2849 tanquam
860 2794 915 2836 latro
923 2795 1025 2850 insignis,
1035 2810 1063 2838 ne

192 2867 288 2921 effugere
299 2864 377 2921 possit,
390 2864 506 2907 duodecim
522 2863 645 2906 miliaribus
661 2877 767 2919 passuum
787 2864 878 2915 distans,
896 2878 939 2920 quo
950 2865 974 2906 iu
984 2866 1062 2908 itinere

192 2936 305 2990 patientia,
318 2933 503 2993 sermonibus-que
513 2934 556 2989 piis
568 2946 644 2976 omnes
661 2932 789 2984 edificabat3
808 2933 939 2984 Catholicos,
951 2947 1007 2986 vero,
1023 2936 1062 2989 qui

193 3005 300 3060 incogniti
316 3005 415 3056 aderant,
433 3003 456 3046 in
473 3001 516 3045 fide
532 3001 683 3055 confirmabat,
696 3000 846 3045 schismaticos
863 3001 1062 3058 aad-poeniteutiam
