2416 3337
478 186 621 216 snrornueiuu
637 185 777 215 1111111111.
1018 175 1061 216 211

198 339 263 391 prout
279 339 377 389 tempora
395 332 492 373 ferebant
511 330 651 373 observandis
671 333 692 371 et
710 329 808 372 fovendis
825 328 961 385 diligentiam
977 332 1061 375 nullam

197 404 374 462 praetermissam
384 416 433 445 esse
444 405 552 458 appareat.

242 474 324 516 Verum
335 474 386 530 quia
396 473 477 516 devexa
487 487 545 515 nunc
556 476 616 515 aetas
626 475 702 515 nostra
712 470 823 514 laboribus
833 472 943 523 fatiscens,
953 471 1062 516 molestiis

196 545 293 601 fatigata,
314 548 336 587 et
355 544 458 588 senilium
479 558 580 587 curarum
601 544 744 586 multitudine
762 544 836 593 fracta,
861 543 936 585 minus
956 543 1061 587 idoneum

135 666 137 669 ,
196 616 269 660 reddit
279 618 306 660 ad
322 618 394 661 oneris
405 631 418 659 a
428 631 463 659 me
480 616 575 673 suscepti
592 616 786 666 continuationem,
798 614 928 670 suppliciter
937 614 1025 670 postulo
1036 619 1062 658 11

197 688 272 731 11111
289 703 327 746 per
345 694 441 732 vestram
457 688 648 740 interventionem,
668 688 728 730 Emi.
748 687 832 740 Patres
852 688 956 744 dignetur
972 702 1007 730 me
1024 702 1060 730 ex·

190 774 285 803 ¹onerare
300 761 341 802 hac
355 761 415 817 gravi
426 760 510 803 sarcina
521 764 559 802 aut
571 759 649 802 saltem
660 759 764 802 idoneum
777 758 934 814 Goadjutorem
944 759 1061 801 concedere

195 830 233 886 qui
250 832 321 886 possit
341 831 414 873 oneris
432 831 559 887 1111111111
582 830 702 873 sublevare.
733 829 790 872 Nam
812 834 833 872 et
850 830 899 886 ipsa
918 833 1020 873 senectus
1039 835 1060 872 et

194 907 307 961 aegritudo
324 907 479 961 superveniens
494 920 521 947 ex
536 920 579 961 qua
595 907 685 948 vixdum
696 907 759 962 plene
770 907 870 950 convalui
880 922 915 950 me
927 908 1060 951 sufficienter

194 977 313 1019 admonent
323 977 540 1032 appropinquationis
550 991 612 1018 meae
628 977 655 1019 ad
670 978 736 1033 hujus
747 978 881 1020 tabernaculi
892 978 1058 1034 depositionem.

240 1047 316 1090 SSmo.
326 1047 382 1090 Dno.
400 1051 475 1090 nostro
491 1051 513 1089 et
531 1048 645 1090 Emerum.
658 1048 758 1090 Vrarum.
774 1049 953 1104 exquisitissimis
968 1050 1058 1104 judiciis

195 1118 303 1173 meipsum
315 1121 430 1174 totumque
440 1118 482 1161 hoc
492 1117 606 1173 negotium
616 1117 730 1162 humiliter
741 1118 851 1163 submitto

252 1233 301 1276 Hac
312 1233 347 1276 die
358 1234 371 1276 6
382 1233 443 1284 Julii,
456 1232 518 1276 1636.

712 1293 791 1345 Dario,
803 1294 873 1351 Epus.
884 1295 1028 1337 Ossoriensis.

193 1465 252 1506 Eun.
263 1464 323 1507 Dim.

238 1536 279 1577 Per
295 1539 388 1577 mortem
406 1535 491 1579 Revmi.
507 1536 533 1576 D.
553 1535 645 1578 Joannis
662 1536 781 1579 Feruensis
797 1537 849 1592 Epi.
868 1551 922 1593 quae
941 1539 954 1581 9
972 1537 1056 1594 Aprilis

193 1597 272 1649 accidit
282 1620 326 1649 non
337 1606 468 1649 mediocrem
480 1608 589 1662 jacturam
600 1607 683 1662 patitur
699 1622 743 1650 non
757 1608 802 1650 sola
812 1608 883 1663 ipsius
894 1609 1005 1653 Diaecesis
1017 1610 1056 1653 sed

192 1683 239 1721 tota
250 1678 408 1734 propemodum
416 1677 516 1720 Ecclesia
526 1677 594 1734 hujus
605 1678 706 1721 nationis.
738 1679 864 1721 Facultates
875 1678 964 1722 adeum
975 1681 1056 1724 missae

193 1763 237 1792 una
247 1763 297 1791 cum
307 1748 383 1791 Emae
395 1748 421 1790 V.
431 1749 510 1792 litteris
521 1764 565 1792 non
576 1749 637 1804 prius
651 1748 694 1791 1111
708 1753 852 1805 pervenerunt
863 1763 929 1805 quam
939 1751 986 1806 ipse
997 1751 1056 1794 viam

189 1820 306 1863 ⁴universae
327 1820 407 1862 carnis,
423 1821 536 1876 ingressas
557 1820 633 1863 fuerat.
672 1819 772 1862 Diaecesi
793 1820 901 1862 Femensi
923 1835 977 1876 quae
992 1813 1057 1864 ¹nunc

192 1892 275 1947 regitur
283 1907 296 1933 1
303 1891 349 1933 Vic.
358 1892 460 1934 Generali
468 1907 505 1948 per
516 1894 590 1948 ipsum
602 1892 721 1934 constituto
729 1895 750 1933 et
757 1906 794 1946 per
802 1891 999 1948 Metropolitanum
1009 1895 1057 1949 ejus

191 1965 241 2017 post
249 1962 370 2004 discessum
379 1963 506 2005 confirmato
514 1963 542 2004 D.
552 1962 662 2005 Gulielmo
669 1961 784 2004 Devereux
791 1963 836 2004 viro
847 1961 950 2017 prudenti
958 1968 980 2006 et
987 1965 1055 2018 gravi,

192 2033 210 2074 si
218 2033 303 2088 propria
315 2033 402 2075 daretur
414 2034 473 2088 optio
485 2032 599 2075 abeodem
614 2035 702 2086 cuperet
717 2033 740 2073 in
754 2035 866 2087 posterum
877 2032 993 2087 gubernari
1004 2047 1055 2076 cum

191 2102 256 2143 titulo
268 2106 291 2144 et
300 2105 409 2158 potestate
418 2102 499 2144 Vioarii
507 2101 586 2158 Aplici.

238 2217 265 2258 12
277 2216 339 2267 11111,
350 2216 413 2259 1636.

787 2276 867 2328 Drvm,
881 2277 1024 2321 Ossoriensis.

280 2333 353 2378 Gardfi·
369 2335 494 2379 Proteotori.

189 2534 260 2577 Runa.
278 2534 337 2577 Dim.

247 2604 313 2647 Arata
323 2604 362 2648 illa
371 2604 518 2656 necessitudo,
530 2617 596 2661 quam
612 2604 662 2646 Dni.
678 2603 701 2646 V.
717 2604 834 2648 admodum
849 2605 932 2649 Rndae,
943 2619 992 2649 cum
1003 2621 1052 2663 eog-

187 2679 238 2718 1111
248 2690 304 2729 meo,
317 2680 339 2718 et
349 2676 455 2719 confratre
471 2677 532 2720 Rmo.
548 2675 577 2718 D.
594 2675 627 2717 Io.
644 2674 739 2731 Fomen.
755 2676 811 2732 Epo.
827 2677 977 2719 intercessisse
993 2691 1052 2720 oom-

187 2747 303 2801 periebam,
316 2762 351 2790 me
367 2752 431 2804 urget
447 2748 474 2791 ad
490 2748 552 2790 triste
570 2748 675 2790 nuntium
689 2748 716 2791 de
732 2752 801 2790 morte
816 2748 886 2804 ipsius
900 2748 949 2790 vris.
961 2747 1052 2791 auribus

187 2816 333 2861 inferendum.

230 2886 259 2929 In
275 2903 300 2932 eo
313 2890 360 2944 jam
371 2892 384 2934 9
394 2889 448 2947 Apr.
460 2893 546 2933 mortuo
563 2890 679 2933 amisimus
694 2889 764 2933 multa
774 2889 869 2939 honoris,
882 2891 904 2930 et
914 2888 997 2931 decoris
1007 2891 1051 2941 nri.

186 2963 324 3010 ornamenta3
336 2962 406 3003 multa
415 2962 533 3018 sapientiae
541 2966 563 3005 et
570 2962 656 3005 consilii
662 2961 776 3018 praesidia,
782 2959 851 3001 multa
857 2959 923 3001 etiam
928 2959 1053 3015 Religionis

186 3028 252 3080 cath„
262 3033 285 3072 ct
297 3030 424 3087 disciplinae
435 3034 594 3077 ecclesiasticae
604 3032 761 3090 promovendae
771 3031 916 3074 firmamenta.
943 3032 987 3076 Sed
994 3033 1054 3078 inter
