2416 3337
465 233 609 264 SPIOILEGIUM
626 235 768 266 OSSORIENSE.

181 379 295 434 publicare
311 381 401 435 similia,
419 383 539 426 verendum
556 387 589 427 est
605 399 632 427 ne
654 399 694 441 pro
710 384 830 429 eorundem
846 386 912 428 etiarn
926 382 1019 427 libidine
1035 384 1057 424 et

183 452 305 508 cupiditate
323 459 429 511 sequatur
448 456 547 498 executio
565 470 636 513 neque
654 457 749 501 subditis
766 457 894 509 tolerabilis,
913 471 985 513 neque
1000 453 1058 510 Regi

182 522 312 566 honorifica.
345 525 473 582 Utrumque
484 530 511 569 ut
522 516 615 570 evitetur
627 541 694 571 cansa
705 531 738 571 est
749 542 804 585 quae
815 529 885 571 morit
896 527 923 570 ad
936 526 1058 583 praemissa

182 596 325 651 proponenda
336 600 358 639 et
369 598 471 653 petenda.

592 852 641 894 XV.

179 961 275 1003 Larruu
291 975 352 1005 raon
368 962 430 1006 dona
446 963 541 1016 Musae,
558 976 586 1007 111
602 964 710 1008 Eusnrsrr
726 965 818 1017 Parasr,
831 979 858 1008 ro
871 966 915 1009 His
931 965 1056 1014 Honrunss,

387 1048 448 1078 raon
463 1035 565 1087 hormen,
583 1036 644 1078 26ru
661 1049 687 1079 or
704 1037 771 1089 duan,
790 1036 857 1080 1605.

311 1145 372 1185 (Facu
380 1153 418 1177 rna
428 1144 479 1178 MSS.
490 1155 511 1177 er
520 1154 558 1177 run
568 1146 647 1178 Anrrnnr
655 1146 862 1185 aspirancum-vn.
870 1146 890 1178 F.
900 1146 922 1186 tl

182 1242 323 1286 Bnrrrssnun
341 1244 425 1295 Pruna,
445 1277 450 1286 .
468 1277 473 1287 .
493 1278 498 1287 ,
517 1278 522 1287 .

287 1314 335 1356 Rex
346 1319 463 1370 antequam
474 1315 590 1369 ingressus
601 1319 635 1357 est
647 1313 752 1369 Angliam
763 1314 820 1356 etin
831 1314 881 1369 ipso
889 1312 956 1355 etiarn
963 1311 1057 1354 introitu

182 1385 271 1439 saepius
281 1385 394 1440 pollicitus
406 1389 440 1427 est
457 1399 480 1427 se
498 1384 583 1426 nullam
601 1398 693 1440 prorsus
709 1384 764 1427 velle
781 1384 959 1440 persecutionem
970 1396 1057 1425 movere

179 1458 217 1496 aut
228 1454 354 1497 molestiam
367 1455 488 1497 Catholicis
499 1454 580 1510 Anglis
597 1456 677 1497 inferre
695 1456 722 1499 cb
741 1469 831 1498 calisam
849 1454 980 1510 Religionis.
1013 1452 1057 1495 Sed

178 1525 324 1567 nihilominus
335 1526 359 1567 in
370 1526 448 1581 primis
466 1526 530 1581 regni
549 1526 646 1568 comitiis
664 1539 741 1569 omnes
758 1527 848 1582 iniquas
866 1526 916 1568 illas
926 1525 987 1581 leges
998 1525 1056 1567 ultro

177 1598 290 1640 renovarit
300 1602 323 1640 et
335 1599 472 1641 confirmavit
485 1598 557 1640 denuo
569 1612 624 1654 quas
635 1598 767 1640 Eliaabetha
778 1602 844 1640 antea
855 1602 959 1640 sanxerat
970 1598 996 1639 in
1006 1611 1055 1653 per·

179 1669 261 1710 niciem
274 1669 440 1711 Catholiccrum
451 1673 472 1711 et
483 1669 640 1711 exterminium
651 1668 763 1712 Romanae
770 1669 829 1711 fidei.
863 1669 906 1711 Sed
917 1672 939 1711 ct
950 1669 982 1711 eis
989 1669 1056 1711 etiam

180 1740 301 1783 nonnullos
312 1741 392 1797 adjecit
402 1741 506 1783 articulos
518 1742 555 1797 qui
566 1741 687 1797 graviorem
699 1744 800 1796 saperent
817 1740 979 1783 crudelitatem.

228 1812 314 1855 Deinde
326 1816 351 1854 ut
362 1812 526 1855 Catholicorum
538 1812 623 1855 animos
633 1812 696 1854 inani
707 1812 789 1854 diutius
801 1811 938 1866 protraheret
950 1815 972 1853 et
982 1810 1055 1853 ludifi-

181 1889 241 1927 caret
253 1899 297 1940 spe,
307 1885 395 1941 judices
405 1885 566 1940 prouinciarum
576 1885 645 1926 vetuit
655 1885 716 1941 leges
722 1885 745 1926 in
753 1884 878 1927 Catholicos
886 1883 974 1940 exequi,
1006 1883 1055 1925 Hac

180 1955 272 1997 insolita
292 1956 399 2011 principis
420 1954 537 1997 clementia
558 1959 580 1996 et
601 1960 726 2012 temporum
752 1955 912 2012 tranquillitate
933 1955 1055 2010 plurimum

179 2025 315 2068 laetabamur
335 2039 420 2076 omnes,
439 2025 531 2067 meliora
548 2026 615 2067 etiarn
635 2025 778 2081 sperabamus
795 2028 817 2067 et
837 2025 918 2067 mirum
929 2025 953 2067 in
964 2025 1055 2067 modurn

178 2095 252 2137 indies
264 2095 386 2150 augebatur
398 2095 563 2137 Catholicorum
574 2095 703 2138 multitudo.

223 2166 336 2208 Haeretici
347 2166 431 2208 interea
449 2166 548 2208 furentes
559 2165 723 2222 trementesque
739 2167 817 2208 acriter
827 2165 941 2209 instabant
956 2169 981 2208 ut
995 2162 1055 2221 leges

177 2237 302 2280 executioni
317 2236 458 2279 mandentur.
490 2237 537 2278 Rex
552 2236 642 2278 tandem
659 2237 722 2279 datae
738 2237 789 2279 fidei
805 2241 828 2280 et
843 2238 1004 2293 promissorum
1020 2238 1054 2280 rel

179 2308 262 2350 oblitus
273 2308 308 2349 vel
318 2307 442 2362 poenitens,
453 2311 475 2348 et
486 2321 514 2348 ne
524 2307 634 2349 rideretur
646 2307 731 2350 diutius
740 2323 751 2350 a
759 2308 860 2363 vestigiis
872 2308 1054 2362 sanguinolentae

180 2379 279 2433 Reginae
289 2378 464 2433 praedecessoris
476 2379 510 2421 sni
522 2378 613 2431 deviare,
632 2384 670 2422 aut
686 2380 803 2423 haberetur
820 2379 879 2435 apud
888 2378 1011 2421 haereticos
1027 2380 1050 2422 in

141 2447 143 2450 ’
180 2448 331 2503 persequendo
343 2447 468 2489 Catholiccs
485 2451 506 2489 et
522 2449 667 2503 promerendo
686 2450 796 2492 haeresim
812 2448 908 2504 tepidior
924 2462 990 2503 quarn
1001 2449 1054 2492 olim

180 2520 220 2561 illa
231 2520 300 2574 impia
310 2520 383 2561 fuerat
393 2518 479 2570 mulier,
492 2533 540 2561 ecce
551 2521 696 2564 oscitantibus
712 2521 777 2563 nobis
793 2523 815 2562 et
831 2519 889 2562 nihil
905 2520 980 2561 minus
996 2522 1053 2577 cogi-

180 2590 279 2632 tantibus
291 2588 333 2631 sub
344 2592 438 2630 mortem
450 2586 571 2631 Clementis
583 2590 659 2633 Octavi
669 2591 694 2632 in
710 2590 855 2646 asperrimam
870 2590 971 2645 prorupit
980 2604 1053 2646 perse-

179 2661 298 2703 cutionem.
341 2658 464 2701 Haereticis
485 2659 543 2700 ultro
561 2659 619 2702 laxat
638 2659 775 2702 crudelitatis
791 2659 904 2701 habenas:
934 2658 1053 2703 Catholicis

178 2734 253 2789 palam
264 2732 320 2774 dura
332 2731 421 2787 diraque
433 2730 507 2772 omnia
523 2731 626 2783 minatur,
643 2731 726 2783 fremit,
740 2732 808 2787 jurat,
820 2730 922 2773 omnibus
934 2730 1051 2784 maledicit,

179 2809 270 2848 cunctos
281 2804 381 2854 deuoret
401 2802 492 2845 taudem
509 2802 602 2858 imperat
620 2807 645 2845 ut
656 2803 738 2859 ubique
757 2803 876 2858 asperrime
886 2807 1014 2856 tractentur,
1027 2810 1052 2848 ut

177 2875 269 2919 ditiores
280 2874 394 2930 octoginta
405 2876 491 2916 scutata
502 2873 525 2914 in
543 2872 642 2928 singulos
661 2886 748 2915 menses
764 2873 817 2915 fisco
833 2887 872 2929 pro
888 2873 971 2916 mulcta
981 2874 1053 2918 denuo

177 2946 309 3001 persolvant,
322 2949 348 2989 ut
358 2944 501 3001 pauperiores
517 2947 540 2986 et
556 2943 595 2999 qui
611 2943 715 2986 solvendo
732 2957 776 2985 non
794 2946 847 2986 sunt
863 2943 965 2989 omnibus
977 2946 1052 2988 statim

176 3016 241 3058 bonis
261 3016 382 3059 mobilibus
400 3019 422 3058 et
439 3013 525 3057 sluabus
542 3014 614 3056 tertiis
635 3012 735 3070 partibus
756 3027 831 3056 rerum
852 3014 951 3058 omnium
973 3016 1051 3059 immo-

177 3085 256 3128 bilium
276 3101 363 3129 suranna
381 3087 401 3130 ri
417 3087 548 3142 priventur;
566 3088 592 3127 ut
608 3085 715 3141 cujusque
734 3099 799 3128 sexus
819 3082 929 3129 Catholici
939 3086 963 3129 in
975 3087 1051 3130 arctis-
