2416 3337
475 128 622 158 srrornneruar
637 128 780 165 ossonrnivsn.
1018 115 1062 160 277

578 325 671 368 CXVII.

195 443 360 485 lrvsravovrous
376 453 436 484 raon
452 454 499 484 nnn
518 441 627 484 Surannn
644 439 746 483 (louvain
761 452 789 482 ro
805 439 831 483 F.
849 439 915 482 Luna
930 436 1050 490 Wrrmno,

428 535 430 538 ·
480 514 527 555 Srn
542 512 680 565 Dnonnnnn,
699 512 765 555 1642.

455 626 516 669 (Fron
529 635 565 659 rur
580 625 608 659 Sr.
621 625 714 658 Ismonn’s
727 623 789 667 MSS.)

241 729 421 788 Ivsrnvorrouns
438 741 595 772 oasnavnnnrn
612 741 657 770 rna
672 728 767 770 Pirama
782 727 866 769 Lnonvr
883 726 1003 770 Wrnnrue.

226 842 308 885 Primo.
326 843 472 885 Obtineantur
482 843 634 899 indulgentiae
645 857 684 898 pro
696 842 842 886 assertoribus
852 842 975 898 praesentis
987 841 1046 884 belli.

227 912 255 952 2⁰·
270 913 499 954 Exoommunieentur
516 913 656 955 adversantes
674 913 756 955 directe
774 913 809 955 vel
826 913 933 955 indirecte
950 916 972 954 et
990 913 1058 954 etiam

180 982 282 1039 negative
293 996 317 1025 se
333 986 443 1034 tenentes,
459 984 576 1039 praecipue
587 983 682 1025 Hiberni
693 986 715 1025 et
726 984 764 1024 alii
774 983 863 1026 Incolae
875 984 916 1026 soli
931 982 1056 1033 Hibernioi‚

180 1057 204 1096 et
215 1053 339 1109 specialiter
349 1054 468 1098 neutrales.

225 1124 253 1165 30'
270 1124 315 1167 Sua
330 1124 440 1167 Sanctitas
457 1128 479 1168 et
495 1125 560 1168 Saena
579 1124 727 1181 Congregatio
742 1122 1058 1166 Em⁰1rffl-Dn.ca1·utnaltum

179 1194 205 1235 de
221 1194 361 1250 propaganda
377 1195 426 1246 fide,
440 1194 538 1237 soribant
548 1194 686 1250 principibus
703 1194 791 1237 Xtianis
810 1194 905 1245 Caesari,
919 1194 991 1246 Gallo,
1003 1192 1057 1235 His-

177 1276 241 1318 pano,
254 1263 389 1319 Portugallo,
401 1264 492 1315 Polono,
505 1265 597 1316 Bavaro,
609 1265 677 1307 statui
685 1265 783 1308 Genuesi
791 1267 813 1306 et
822 1263 943 1307 Catholicis
950 1263 1057 1305 Holandii

177 1333 201 1375 in
209 1335 303 1377 favorem
312 1336 383 1377 nostri
391 1334 450 1387 belli,
458 1335 594 1378 exhortando
602 1339 627 1378 ut
635 1335 723 1377 faveant
729 1339 787 1377 terra
795 1336 895 1390 marique
904 1338 926 1376 et
935 1335 1053 1385 assistant3

178 1408 200 1446 et
214 1406 296 1461 pariter
312 1410 456 1461 procurentur
466 1406 554 1448 litterae
570 1420 583 1448 a
599 1420 639 1448 sua
655 1406 777 1448 Sanctitate
788 1405 816 1447 ad
826 1406 935 1461 Reginam
954 1409 1054 1448 nostram

177 1475 201 1517 in
213 1477 309 1517 favorem
319 1477 389 1519 totius
401 1478 474 1531 gentis
485 1476 644 1519 Hibernorum.

222 1545 251 1587 4⁰·
267 1547 415 1590 Proourentur
429 1547 516 1589 litterae
533 1546 590 1589 Suae
607 1546 736 1589 Sanctitatis
747 1551 769 1589 et
780 1547 858 1589 Sarrae
869 1546 1053 1602 Congregationis

177 1616 205 1659 ad
213 1616 426 1660 Eminentissimum
434 1618 557 1674 prinoipem
565 1621 588 1659 et
597 1616 737 1660 Cardinalem
745 1618 773 1660 D.
783 1617 810 1659 de
819 1617 940 1669 Riohelieu,
951 1618 1053 1659 comitem

178 1688 289 1732 Olivarem
300 1692 322 1731 et
334 1689 416 1732 olerum
427 1690 576 1745 praefatorum
586 1693 685 1732 statuum
694 1692 716 1731 et
726 1702 851 1745 regnorum.

222 1760 249 1801 5⁰·
265 1759 392 1802 lnouloetur
402 1760 450 1802 vive
462 1759 519 1803 Suae
530 1760 648 1802 Sanotitati
660 1763 681 1802 et
694 1760 772 1802 Saarne
782 1758 955 1816 Congregationi
966 1757 992 1801 de
1003 1767 1058 1814 pro·v

175 1830 275 1885 paganda
282 1830 326 1872 fide
335 1834 444 1885 quantum
451 1831 559 1874 oonduoet
567 1831 722 1887 propagationi
733 1830 784 1873 fidei
798 1829 922 1873 Catholioae
930 1829 1052 1872 universim

175 1900 198 1942 in
209 1900 319 1955 Aquilone
329 1915 421 1957 prosper
431 1905 522 1944 eventus
533 1902 587 1945 belli
597 1901 763 1945 Hibernorum:
781 1901 837 1943 fides
848 1900 917 1944 semel
933 1904 1052 1957 propagata

175 1969 244 2013 solide
263 1971 286 2012 in
299 1970 410 2013 Hibernia
420 1972 524 2027 pervadet
534 1971 640 2026 Angliam
651 1975 674 2013 et
686 1971 789 2021 Sootiam,
801 1971 908 2012 reoreabit
925 1970 1051 2013 Oatholioos

164 2040 314 2091 'Hellandiaa
326 2041 429 2096 respiciet
439 2041 517 2084 multis
533 2041 638 2097 gradibus
653 2045 712 2083 terra
728 2042 827 2096 marique
842 2040 928 2081 Daniae
946 2040 1051 2082 Suevioae

133 2159 135 2161 v
173 2111 292 2168 Norbigiae
310 2115 331 2153 et
349 2112 418 2155 totius
437 2113 547 2155 inferioris
569 2112 704 2155 Germaniae
722 2112 874 2155 reduotionem
896 2111 923 2153 ad
944 2111 1050 2168 obsequia

173 2181 300 2238 Apostolioa
319 2186 342 2225 et
357 2183 470 2239 praebebit
480 2183 618 2227 tutissimam
629 2184 749 2226 stationem
759 2182 868 2226 elassibus
879 2186 901 2224 et
911 2183 1050 2226 oommeroiis

174 2253 338 2296 Catholioorum
348 2254 372 2296 in
381 2254 453 2297 medio
465 2254 559 2297 Oeen-no.

220 2324 247 2366 6⁰·
263 2324 410 2367 Proeurentur
420 2325 506 2369 litterae
523 2340 562 2368 seu
576 2326 657 2377 bullae,
675 2340 720 2369 non
736 2324 859 2369 dissimiles
875 2324 957 2367 litteris
975 2324 1050 2367 Cardi-

173 2396 231 2439 nalis
242 2395 298 2448 Pali,
316 2400 354 2439 aut
370 2396 412 2439 alia
427 2397 515 2440 ineatur
529 2397 564 2439 via
574 2411 614 2452 pro
630 2396 792 2454 tranquillitate
804 2396 868 2452 regni
884 2399 905 2438 et
921 2395 948 2438 ad
966 2410 1050 2452 compe-

175 2465 279 2508 scendam
298 2467 477 2524 intempestivam
493 2466 652 2510 nonnullorum
670 2467 872 2510 eeclesiastioorum
891 2465 1049 2508 ambitionem:

176 2536 319 2591 Signifioetur
334 2538 383 2581 fuse
400 2542 453 2594 qrvot
469 2537 565 2593 alioquin
577 2538 737 2593 extinguentur
748 2536 845 2579 familiae
862 2540 884 2577 et
895 2535 982 2590 quantis
993 2535 1050 2590 peri-

174 2607 230 2649 eulis
251 2611 273 2650 et
294 2607 440 2651 seditionibus
461 2609 500 2651 fiet
527 2607 691 2652 Catholioorum
714 2607 874 2651 oonlaederatio
895 2609 917 2648 et
938 2605 991 2647 unio
1010 2605 1049 2648 diu

173 2681 286 2732 expectata
297 2681 320 2721 et
330 2678 423 2721 feliciter
433 2679 489 2721 inita
499 2678 654 2721 verosimiliter
665 2668 710 2721 imo
721 2677 797 2733 procul
807 2676 873 2719 dubio
885 2674 984 2716 obnoxia.

220 2749 247 2792 7⁰·
265 2749 333 2791 Nulla
350 2749 452 2792 audiatur
470 2750 594 2805 praetensio
607 2749 634 2792 ad
645 2749 764 2806 dignitates
779 2748 873 2802 majores
889 2744 1049 2788 eeolesiastioas

172 2821 275 2861 vacantes
286 2820 310 2862 in
322 2820 432 2863 Hibernia
442 2821 511 2864 donee
527 2813 618 2863 finiatur
634 2819 675 2862 hoo
691 2819 774 2862 bellum
789 2817 833 2859 nisi
848 2830 861 2857 a
877 2814 1049 2870 Metropolitano

172 2886 299 2931 Provinciae
321 2891 345 2932 in
361 2905 404 2947 qua
420 2892 517 2948 dignitas
533 2892 582 2944 erit,
600 2896 622 2934 et
639 2903 741 2946 supremo
758 2886 848 2929 oonsilio
867 2884 940 2941 Regni
960 2890 1051 2942 rogetur

172 2956 273 2999 admitti:
291 2958 345 3001 alias
357 2962 376 3002 si
384 2975 428 3003 uno
440 2963 525 3017 impetu
538 2962 605 3016 (quod
616 2962 678 3003 Deus
685 2954 775 3011 avertat)
784 2956 929 3009 vinem-emur,
939 2961 1050 3012 quantum
