2416 3337
193 204 236 244 224
474 216 618 245 srrcrnneruu
634 215 777 246 ossoarnusn.

192 361 264 396 various
272 362 358 403 districts,
366 363 407 396 that
413 363 454 405 they
463 373 507 397 were
513 367 545 396 not
554 363 617 397 ableto
626 366 687 405 accept
695 362 786 396 one-third
793 362 813 395 of
817 361 872 394 ruem
895 359 918 392 In
924 359 947 392 all
955 358 992 392 this
998 362 1039 401 part
1047 362 1067 393 of

193 419 278 452 Scotino
286 420 336 453 there
342 419 358 453 is
367 420 409 461 only
418 430 451 454 one
458 420 518 454 native
526 419 591 460 Priest,
599 420 667 454 Fnther
674 419 762 462 Reginald
769 417 894 457 lllacDonnall,
903 416 942 450 ruho
953 415 998 449 lives
1006 415 1025 449 in
1033 415 1064 448 the

192 476 251 509 island
260 477 279 509 of
285 477 356 517 Enstia
364 477 429 517 where,
435 478 454 510 in
462 488 472 510 u
480 481 546 511 remote
555 478 615 511 desert
623 482 669 520 spot,
676 478 699 510 he
708 477 774 520 sought
782 487 792 509 a
799 477 861 517 refuge
869 475 915 507 from
922 474 952 508 the
959 473 999 517 fui-y
1008 474 1028 507 of
1033 474 1064 506 the

193 533 313 574 perseeution.
339 533 379 566 The
388 537 463 566 account
473 534 525 575 giren
533 534 556 576 by
563 534 593 567 Fr.
603 535 657 567 llard
667 534 686 566 of
695 534 732 566 this
739 533 835 567 missioner
842 531 858 564 is
870 534 919 564 most
925 531 1032 573 interesting
1037 543 1065 564 :-

194 589 288 632 “Propriis
297 589 382 623 manibus
392 590 493 632 etpedibus
502 594 567 624 terram
576 590 682 628 effodienda,
694 590 785 631 piscando,
800 588 911 630 conchasque
924 588 1004 621 murinas
1019 587 1064 620 colli-

194 646 258 688 gendo,
275 646 301 679 uti
317 646 394 688 propriis
411 647 466 679 oculis
480 646 567 688 perspexi,
581 647 649 679 rictum
665 646 793 687 sihiaoquirit:
805 645 897 677 insulanos
912 654 955 677 suos
971 645 1065 687 aliquoties

193 701 255 735 visitat
267 702 311 734 etin
323 702 358 734 fide
367 704 386 734 et
393 701 524 742 perseuerantia
536 701 640 733 confirmat:
655 700 698 732 dicit
710 710 729 732 se
742 700 812 732 diutius
821 700 843 731 ob
856 699 931 732 nimiam
940 704 1064 742 paupertatem

193 768 265 790 manere
271 768 307 789 non
315 767 372 798 posse,
379 756 458 788 insulani
465 756 513 788 enim
521 759 563 789 sunt
570 756 614 788 adeo
622 765 709 798 pauperes
718 759 740 788 ut
751 755 811 797 ipsum
818 754 1001 795 etministellum„cui
1009 756 1065 789 velint

193 813 251 845 nolint
259 812 335 845 decimas
342 815 360 844 et
367 811 436 844 tributa
443 812 519 850 solvunt,
528 815 630 844 sustentare
638 821 675 844 non
682 813 772 854 possunt.¹¹

227 869 263 900 For
273 877 327 909 many
338 866 446 908 particulars
457 869 555 901 connected
564 868 608 901 with
618 868 650 901 the
662 868 710 909 early
717 867 787 910 history
796 869 815 901 ol
820 867 858 901 this
866 867 950 908 Musica,
959 877 988 901 see
996 866 1064 902 “lives

192 923 212 956 of
219 923 249 956 the
258 922 379 964 Arohbishops
388 923 407 955 of
413 923 497 964 Dublin‚'’
504 924 536 956 rol.
545 924 566 963 1,
575 933 620 966 page
626 925 675 964 361]

193 1051 281 1093 Raram.
292 1051 349 1093 Dua.

238 1136 336 1178 Litteras
347 1135 431 1191 aliquot
441 1149 495 1191 quas
507 1135 534 1178 ad
544 1134 569 1177 V.
580 1135 668 1178 Rmam.
679 1137 705 1177 D.
717 1135 768 1179 dedi
778 1137 911 1192 interceptas
922 1150 967 1179 non
979 1134 1063 1185 dubito,

193 1207 245 1264 quia
255 1206 312 1249 nihil
322 1205 379 1249 mihi
395 1208 525 1263 rescriptum
537 1207 645 1263 estquod,
659 1211 683 1249 ut
697 1206 753 1249 mihi
770 1208 862 1249 firmiter
877 1206 1006 1263 persuadeo,
1019 1219 1064 1248 nou

193 1279 322 1335 contigisset
334 1279 353 1320 si
364 1292 426 1320 meae
434 1278 461 1320 ad
472 1281 555 1321 vestras
565 1279 718 1334 pervenissent
727 1292 808 1321 manus
819 1282 840 1320 61
851 1278 949 1334 idipsum
961 1280 994 1320 est
1005 1276 1064 1333 quod

192 1363 228 1392 me
239 1350 263 1391 in
274 1344 388 1391 scribendo
398 1348 503 1391 rariorem
514 1349 572 1399 facit,
585 1349 636 1405 quia
647 1362 692 1390 non
703 1347 773 1391 audeo
784 1361 839 1405 quae
851 1347 970 1405 aliquando
981 1352 1064 1391 secreta

190 1419 284 1462 habeam
293 1418 381 1463 tabellis
392 1419 528 1462 committere
540 1434 567 1462 ne
578 1421 738 1476 interceptione
749 1421 876 1464 communia
886 1421 949 1463 liant.
981 1420 1063 1463 Verum

190 1498 266 1536 tamen
280 1505 383 1547 praesens
395 1492 509 1534 missionis
525 1491 623 1534 Scoticae
635 1490 691 1549 (ejus
706 1491 763 1533 mihi
774 1506 786 1534 a
798 1492 875 1535 SSmo.
886 1492 952 1535 Patre
968 1505 1020 1534 cura
1030 1495 1064 1534 est

190 1561 329 1618 demandata)
342 1564 426 1606 occasio
442 1564 541 1620 cogitat
559 1563 641 1605 iterum
660 1563 771 1619 pericliter
782 1567 804 1605 et
822 1565 923 1606 fortunae
942 1563 1001 1606 aleae
1017 1577 1063 1606 rem

190 1637 335 1687 committam,
348 1636 396 1691 spei
411 1635 490 1690 plenus
507 1634 565 1691 quod
576 1635 637 1676 Deus
655 1634 705 1690 Opt.
717 1648 773 1676 max.
785 1635 899 1689 negotium
915 1633 943 1676 ad
959 1636 1063 1691 majorem

191 1707 227 1749 sui
237 1706 334 1748 nominis
353 1705 446 1760 gloriam
457 1708 558 1759 coeptum
569 1704 596 1746 ad
613 1704 699 1746 felicem
719 1705 824 1760 perducet
840 1706 932 1747 exitum.
963 1705 1006 1748 Res
1022 1705 1063 1748 hoc

192 1790 241 1819 sese
256 1776 321 1818 modo
336 1775 411 1817 habet.
442 1775 495 1818 aa.
511 1775 534 1816 P.
551 1775 668 1818 Cornelius
683 1775 796 1818 Vardaeus
813 1776 890 1819 (18.1.
906 1776 933 1819 de
949 1776 1062 1818 observan-

191 1847 229 1897 tia,
243 1847 281 1903 qui
298 1849 348 1888 ante
367 1859 440 1887 meam
458 1846 482 1887 in
493 1844 601 1888 Missione
619 1846 752 1901 provinciam
771 1846 926 1890 Missionarius
939 1847 983 1889 fuit
998 1847 1063 1889 annis

191 1918 272 1961 abhinc
280 1917 365 1960 duobus
376 1917 434 1958 meis
445 1930 512 1959 suasu
520 1921 542 1959 61
550 1918 661 1972 permissu
672 1918 695 1959 in
706 1918 791 1961 insulas
802 1918 912 1961 Hebridas
924 1923 946 1961 61
956 1922 1062 1961 montana

192 1990 277 2032 Scotino
287 1988 397 2044 profectus
408 1987 480 2030 estad
497 1987 656 2030 Seminandum
667 1989 757 2032 verbum
768 1989 811 2031 Dei
828 2003 873 2032 non
885 1989 993 2032 sollicitus
1009 1990 1062 2046 quid

189 2060 345 2103 incrastinum
360 2058 503 2100 manducaret
519 2057 556 2100 sed
572 2058 646 2100 divina
657 2059 723 2102 nixus
742 2060 860 2103 clementia
875 2064 896 2103 61
912 2060 1058 2117 quorumdam

189 2144 244 2188 qnos
255 2130 287 2172 ibi
298 2128 324 2172 ad
334 2129 401 2171 fidem
412 2128 451 2170 Xti
469 2131 533 2170 antea
545 2133 681 2172 converterat
699 2131 770 2174 fretus
781 2131 862 2174 auxilio
874 2147 880 2183 3
898 2135 920 2174 et
931 2130 958 2174 ab
969 2146 994 2174 ec
1005 2135 1060 2174 tem·

188 2217 241 2259 pore
252 2201 348 2245 adhunc
359 2214 429 2257 nsque
445 2215 545 2243 mensem
556 2214 645 2257 operam
657 2203 752 2245 maxime
768 2206 880 2246 strenuam
896 2204 920 2246 in
931 2202 1060 2259 ingentibus

189 2272 300 2315 laboribus
318 2275 340 2313 et
358 2271 470 2314 aerumnis
486 2270 579 2313 Xtianae
596 2271 725 2316 Vindemiae
744 2274 831 2317 navavit
846 2287 891 2316 non
908 2274 956 2317 sine
973 2274 1060 2331 egregio
1109 2270 1111 2272 ’

189 2346 293 2387 1111611161
302 2356 382 2398 magna
394 2343 518 2385 animarum
525 2343 568 2385 Xto
576 2343 728 2387 lucrifactione
736 2350 762 2388 ut
771 2361 798 2389 ex
809 2360 861 2389 suae
869 2346 914 2387 illic
921 2345 1060 2395 villicationis

192 2414 317 2456 Summario
329 2411 395 2468 (qnod
412 2427 451 2469 ego
467 2414 596 2469 approbans,
608 2413 645 2457 hic
655 2415 767 2458 inclusum
784 2416 812 2458 ad
827 2416 904 2458 urbem
921 2415 1059 2468 transmitto)

191 2486 242 2543 quis
253 2484 362 2541 percipere
377 2488 457 2538 potest.
491 2484 565 2527 Sedet
581 2487 681 2541 quamvis
692 2487 747 2529 alias
763 2488 786 2529 P.
798 2486 911 2529 Vardaeus
927 2485 970 2528 fide
981 2486 1060 2542 dignus

191 2561 225 2600 est
243 2569 271 2598 ne
287 2559 362 2597 tamen
381 2553 481 2596 fortassis
498 2555 522 2596 in
537 2569 561 2597 re
577 2557 641 2599 tanta
660 2557 702 2600 sibi
718 2557 855 2599 blandiretur
874 2555 941 2598 fidem
959 2556 1002 2611 ipsi
1016 2571 1060 2599 non

190 2625 281 2670 adhibui
291 2624 354 2681 prius
366 2636 432 2679 quam
445 2622 609 2678 Sootigenarnm
618 2627 756 2682 quorundam
765 2629 894 2682 magnatum
904 2625 941 2667 hic
953 2630 974 2668 et
985 2628 1008 2669 in
1020 2642 1059 2672 suo

190 2699 267 2754 Regno
277 2709 371 2751 magnae
382 2693 543 2736 aestimationis
554 2699 576 2736 et
585 2697 657 2739 famae
665 2696 771 2738 relatione
783 2699 805 2737 61
815 2695 956 2738 attestatione
966 2710 1013 2740 rem
1024 2712 1059 2741 en-

189 2770 297 2827 ploratam
315 2766 438 2809 habuerim.
472 2764 514 2807 Sed
531 2769 623 2821 penuria
642 2782 696 2824 quae
714 2767 803 2823 magnis
821 2780 884 2822 soepe
903 2767 969 2811 rebus
987 2770 1059 2813 obstat

190 2846 277 2885 coactas
296 2854 366 2895 nuper
383 2839 407 2880 in
425 2838 519 2894 patriam
535 2838 600 2880 rediit
618 2854 657 2881 nec
677 2839 734 2881 ultra
752 2838 838 2894 pondus
857 2839 966 2882 sustinere
987 2841 1057 2896 valet;

189 2914 363 2970 propinquorum
374 2908 486 2966 siquidem
497 2907 521 2950 in
531 2908 606 2964 ipsum
623 2908 751 2960 liberalitas,
764 2908 838 2952 sinon
849 2910 939 2954 omuino
954 2911 1060 2955 exhausta

190 2986 328 3041 aliquatenus
339 2987 414 3027 tamen
426 2981 512 3025 defessa
522 2983 556 3023 est
568 2984 596 3032 et,
609 2994 663 3037 quos
677 2981 723 3037 ipse
734 2995 804 3037 nuper
815 2980 841 3024 ad
859 2982 926 3026 fidem
942 2984 1056 3035 convertit,

192 3058 263 3101 Scotis
274 3057 346 3113 gratis
357 3070 405 3100 esse
417 3070 461 3099 non
472 3054 560 3099 tultae
571 3054 626 3097 forte
637 3053 677 3097 tali
687 3054 813 3110 gravamine
823 3055 922 3100 infirmos
932 3056 1040 3100 deterreat
1051 3071 1057 3108 3
