2416 3337
453 147 598 178 srrcrnnerun
615 148 758 180 ossonrnusn.
1002 141 1046 184 229

172 291 317 335 Dublinensis
327 305 367 346 per
381 292 546 346 sequimensem
563 305 613 333 cum
628 293 726 335 maximo
745 294 825 336 damno
838 295 917 336 salutis
928 310 997 347 meae,
1014 298 1046 339 ita

171 367 256 406 utnon
273 361 367 403 antehac
388 360 516 403 omnimode
538 360 638 404 convalui
645 376 651 413 3
669 376 727 418 quae
750 364 892 407 incarceratio
909 366 1002 421 contigit
1019 382 1045 408 61

170 434 256 476 malitia
267 432 384 489 cujusdam
393 432 428 476 vel
439 434 585 489 quorumdam
601 435 664 486 forte,
678 449 773 491 quorum
783 451 842 479 unus
853 437 971 479 Donaldus
988 437 1046 493 Gasy

170 518 215 546 non
231 508 305 560 negat,
322 504 367 547 imo
381 505 451 560 jactat
471 518 494 548 se
515 519 604 547 causam
625 520 687 548 meae
710 507 877 551 incarcerationi
894 507 997 551 dedisse:
1018 509 1045 551 de

171 576 272 619 Gardelio
283 590 328 619 non
339 576 439 619 multum
450 576 493 620 fido
506 577 560 634 quin
571 578 614 620 luit
625 577 653 619 ad
668 578 691 620 id
708 581 850 631 accessorius,
862 580 914 622 licet
930 594 975 622 non
986 578 1045 622 certo

169 648 221 701 scio,
234 647 272 691 sed
288 648 416 691 innocentia
426 663 476 691 mea
486 649 510 691 in
522 649 612 704 objectis
623 663 658 692 1116
669 664 743 693 coram
760 665 829 708 aequo
843 651 919 707 judice
935 650 1044 693 liberavit.

169 719 303 776 Scripsimus
313 720 425 776 praedicta
435 721 477 772 via,
488 735 544 777 quae
555 720 672 764 Diaeeeses
684 722 815 765 conveniant
831 723 879 765 fieri
896 722 920 764 in
937 721 1043 764 adminis-

167 792 285 834 trationem
304 795 326 834 et
345 792 440 848 qualiter
456 793 580 848 coepiscopi
597 793 642 835 mei
657 798 807 837 convenerunt
823 808 874 837 cum
890 794 920 837 iis
936 793 1042 836 omnibus

167 875 222 917 quae
232 875 273 904 nos
284 865 379 917 quatuor
390 862 502 921 Archiepi.
514 863 670 906 conclusimus.

211 930 334 982 Desiderat,
356 935 382 974 ut
408 932 492 983 scribis,
522 932 585 974 Card.
609 933 723 976 Proteotor
748 948 877 991 cognoscere
901 936 939 991 qui
964 940 1040 978 essent
1102 943 1105 949 '

166 1002 278 1058 digniores
289 1001 317 1044 ad
326 1003 497 1058 promotionem.
528 1002 692 1046 Existimamus
702 1018 744 1047 nos
755 1006 793 1061 qui
803 1006 917 1048 fueramus
927 1007 950 1047 in
962 1007 1040 1048 eodem

164 1074 219 1126 loco,
231 1073 281 1130 Ego
293 1077 315 1116 et
326 1074 440 1117 bledensis
452 1078 474 1116 et
483 1074 631 1117 Kilmorensis
643 1074 702 1130 quod
710 1075 768 1117 inter
780 1076 902 1119 saeculares
912 1076 984 1118 adhuc
995 1090 1040 1119 non

164 1149 277 1202 promotos
298 1145 396 1189 Emerus
419 1145 524 1188 Matheus
549 1146 594 1188 Vic.
617 1145 718 1202 Aplicus.
741 1146 895 1190 Clocherensis
912 1147 951 1203 qui
964 1148 1042 1203 jaina

164 1219 256 1272 quatuor
277 1216 343 1258 annis
361 1216 418 1258 bene
438 1216 602 1259 administravit
623 1229 698 1258 curam
721 1215 763 1259 sibi
784 1217 921 1273 impositam,
938 1220 961 1259 et
981 1218 1041 1259 inter

162 1286 273 1342 regulares
300 1286 440 1328 existimatur
466 1286 533 1328 Pater
555 1286 651 1328 Thomas
672 1285 774 1328 Kiernan
789 1287 930 1329 concionator
946 1287 985 1343 qui
1001 1302 1040 1343 per

162 1356 237 1399 decem
249 1370 319 1399 annos
329 1356 354 1398 in
364 1345 428 1398 vinea
444 1355 496 1398 Dni.
508 1355 650 1412 gubernando
662 1359 684 1398 et
694 1356 845 1399 concionando
856 1356 965 1399 inoffenso
981 1357 1038 1413 pede

162 1426 275 1469 laboravit.

209 1496 302 1539 Carolus
319 1496 402 1552 Gonaly
427 1498 515 1553 appulit
534 1497 578 1539 huc
598 1496 707 1538 Kalendis
729 1496 826 1553 Augusti
850 1496 938 1553 quando
955 1511 995 1553 ego
1012 1498 1036 1547 in

161 1583 246 1612 carcere
264 1569 302 1612 fui.
341 1569 501 1611 Ocmrnendavi
518 1582 606 1612 causam
622 1568 726 1610 Rainaldi
745 1568 870 1610 M‘Donaill
886 1572 958 1620 antea,
976 1583 1036 1611 nnuc

161 1642 228 1684 etiam
253 1641 391 1683 commendo.
431 1641 541 1697 Incipiam
570 1653 620 1682 cum
648 1638 748 1682 Oardelio
770 1639 860 1690 statim3
887 1639 911 1680 in
937 1639 1036 1682 Concilio

160 1712 292 1755 Provinciali
302 1712 422 1768 praeterito
433 1711 493 1768 blojo
505 1711 588 1762 babitu,
598 1713 674 1752 contra
683 1709 813 1765 suffragium
822 1709 937 1751 Dunensis
945 1708 1036 1752 habitus

141 1771 145 1780 ¹
159 1787 194 1826 est
206 1781 319 1827 Gardelius
332 1797 457 1839 suspensus
469 1787 491 1826 et
502 1782 637 1839 irregularis.

644 1875 732 1927 Vester,

822 1964 888 2007 Dran.
905 1963 1003 2006 Brrncn.

204 2035 285 2077 Exime
296 2034 354 2076 DJ).
366 2035 433 2077 Edm.
445 2035 509 2085 Duir,
524 2034 601 2075 sni).

332 2120 354 2158 et
364 2115 577 2158 Archi-Praesulum
588 2113 655 2156 Hibfle·
672 2113 763 2169 Agenti,

520 2196 607 2239 Rornae.

466 2381 718 2388 —-.-———————

534 2524 650 2568 LXXXII.

155 2642 251 2687 Lnrrnn
271 2657 298 2688 01
319 2656 366 2687 unu
387 2644 474 2687 Brsuor
495 2655 523 2685 01
544 2642 613 2684 Dour
634 2653 678 2683 111
702 2640 793 2684 001101
814 2654 840 2684 rc
867 2654 912 2684 1111
940 2641 1028 2684 Sicano

343 2714 526 2765 Ooucnncnrrou,
545 2712 604 2754 auur
620 2710 756 2764 Nomentana,
775 2711 839 2757 1637.

153 2824 210 2868 Eur.
222 2838 248 2870 rc
259 2828 314 2872 Ruri.
326 2830 380 2873 Dur.

200 2907 224 2949 Si
233 2911 392 2965 occasionibus,
405 2926 460 2969 quas
471 2912 551 2955 11011111
562 2915 687 2966 temporum
699 2909 809 2953 calamitas
821 2908 947 2962 frequentes
958 2909 1024 2964 parit,

152 2977 316 3023 tabellariorum
332 2984 514 3039 corresponderet
529 2982 688 3039 opportunitas,
701 2993 729 3022 ex
738 2977 773 3021 his
783 2976 810 3019 ad
822 2976 907 3020 Urbem
924 2978 1028 3034 partibus
