2416 3337
453 153 597 185 srrernnewor
612 155 755 185 ossonmnsn.

564 377 651 419 LVIII.

193 517 288 559 Lnrrnn
303 529 331 558 cn
347 528 394 559 rnn
409 514 557 558 Ancnarsnor
573 527 600 556 01
617 515 692 568 Turn,
709 527 768 558 wira
785 526 812 558 111
829 527 928 559 rcccunr
944 527 971 557 cr
987 527 1026 559 ms

489 586 598 640 Drccnsn,
616 599 640 630 nr
658 586 725 629 1634.

171 703 242 755 Ena„
259 704 297 746 dcc

206 773 280 815 ¹Anno
290 773 320 814 ‘4⁰'
331 788 343 816 a
354 773 517 816 consecratione
527 777 628 816 currente
639 787 725 817 memor
734 773 879 830 professionis
891 776 914 815 et
921 772 1045 828 juramenti

170 848 220 886 tum
230 844 289 894 lacti,
301 858 343 899 quo
358 843 477 886 obstrictus
487 844 578 886 tenebar
593 844 691 899 quolibet
702 845 846 900 quadriennio
857 844 971 886 Pontificis
982 843 1043 885 Max.

171 914 319 968 praesentiam
330 913 396 963 adire,
409 917 430 954 et
441 926 513 955 coram
524 915 618 969 injuncti
629 915 747 970 pastoralis
754 915 819 957 officii
827 915 935 957 rationem
943 913 1041 963 reddere,

169 983 215 1039 idq.
226 984 378 1039 personaliter,
391 983 410 1025 si
420 983 468 1025 fieri
478 988 561 1038 posset,
577 988 615 1025 aut
627 987 685 1025 certe
698 999 737 1039 per
747 985 835 1027 fidelem
845 985 957 1034 nuntium⁷
970 997 1043 1038 cumq.

171 1056 196 1095 ut
206 1067 232 1094 ex
240 1053 314 1095 animo
321 1053 392 1108 cupio,
397 1057 419 1094 et
429 1053 520 1094 omnino
529 1052 603 1104 debeo,
613 1053 644 1095 ibi
653 1053 676 1094 in
684 1054 771 1108 propria
781 1066 876 1109 persona
884 1053 993 1094 interesse
999 1066 1044 1094 non

171 1138 271 1180 possum,
284 1124 394 1167 saeviente
410 1125 433 1165 in
448 1123 490 1165 hac
506 1123 586 1165 afflicta
600 1123 672 1179 patria
687 1123 848 1179 persecutione,
859 1137 888 1165 ne
899 1121 975 1165 fideles
989 1122 1046 1164 mihi

170 1195 294 1247 concrediti,
312 1196 350 1251 qui
366 1195 393 1237 ad
409 1194 496 1237 vultum
513 1194 595 1250 proprii
614 1194 711 1250 pastoris
730 1194 861 1246 confirmari,
874 1198 896 1236 et
915 1193 1046 1237 consolidari

170 1266 248 1317 solent,
266 1267 420 1308 existimarent
441 1278 464 1307 se
483 1264 588 1315 desertos,
600 1268 623 1307 et
638 1278 674 1306 me
690 1265 746 1307 forte
762 1266 931 1317 mercenarium,
944 1266 982 1320 qui
992 1265 1045 1320 lupo

168 1338 269 1380 veniente
285 1338 391 1393 fugerem,
403 1340 425 1379 et
440 1336 577 1391 praesertim,
589 1335 625 1390 qd.
643 1340 747 1391 sumptus
763 1337 890 1379 adtentum
904 1337 946 1379 iter
957 1336 1044 1378 confici·

169 1408 250 1450 endum
261 1408 378 1450 necessarii
387 1407 475 1449 omnino
486 1405 543 1448 milri
551 1407 638 1456 desunt,
651 1406 689 1461 qui
699 1409 788 1448 tantum
797 1406 897 1448 fidelium
906 1406 1013 1448 charitate
1021 1409 1043 1447 et

169 1477 320 1519 benevolentia
341 1479 461 1518 sustentor.
505 1475 576 1525 Quare
596 1474 669 1516 Rndo.
692 1475 811 1518 admodum
832 1475 892 1519 D.D.
922 1474 1042 1518 Edmundc

170 1546 241 1588 Duiar
256 1561 314 1589 urae.
329 1546 456 1588 Provinciae
471 1544 567 1586 in'Urbe
581 1544 720 1587 Procuretcri
734 1544 835 1588 commisi
849 1560 923 1588 curam
937 1544 1043 1588 reddendi

170 1616 278 1658 rationem
292 1615 432 1658 villicationis
446 1627 515 1665 meae,
528 1628 554 1655 ex
569 1626 611 1668 quo
625 1617 754 1669 assumptus
766 1628 816 1657 sum
828 1616 855 1657 ad
864 1615 1042 1671 Archiepiscopa-

170 1690 219 1728 tum
231 1687 338 1729 Tuamen.
351 1699 424 1728 coram
436 1684 513 1726 sano.
524 1683 583 1726 D.N.
595 1687 617 1725 et
628 1683 691 1725 Ema.
703 1684 761 1727 D.V.
774 1699 805 1736 ea,
818 1700 862 1742 qua
872 1700 911 1741 par
922 1689 962 1737 est,
975 1686 1044 1728 animi

170 1756 325 1808 submissione,
333 1770 414 1815 rogans
425 1754 515 1797 Emarn.
524 1754 591 1805 D.V.‚
601 1757 627 1796 ut
635 1754 759 1798 absentiam
767 1770 839 1799 meam
850 1757 943 1799 invitam
954 1757 1044 1812 quidem

169 1841 209 1882 pro
221 1841 261 1869 sua
277 1821 413 1883 benignitate
429 1828 556 1868 excusatam
572 1826 630 1880 apud
642 1824 664 1867 S.
677 1826 836 1878 'Sanctitatem
848 1832 870 1869 et
886 1827 996 1882 praedicto
1012 1826 1041 1870 D.

169 1897 246 1948 Duiar,
259 1900 281 1939 et
291 1898 348 1939 nulli
359 1898 401 1939 alio
413 1897 432 1938 ei
443 1896 544 1952 opposito
555 1897 579 1937 in
589 1896 654 1939 rebus
671 1910 742 1939 nram.
758 1898 896 1940 Provinciam
912 1912 1043 1941 concernen-

168 1966 236 2018 tibus,
253 1971 292 2009 aut
307 1968 330 2009 in
346 1968 465 2009 Praelatur.
476 1968 499 2008 in
511 1980 536 2008 ea
551 1967 716 2021 promovendor.
732 1969 869 2023 promotione
886 1969 951 2011 fidem
962 1968 1056 2011 habere

169 2038 278 2092 dignetur.
310 2037 405 2078 Interim
415 2035 502 2077 11011.
516 2036 584 2077 Suam
598 2036 744 2078 Sanctitatem
760 2042 781 2078 11
796 2037 886 2080 Emam.
902 2038 968 2088 D.V.,
985 2052 1041 2093 quae

168 2107 235 2162 hujus
255 2106 330 2148 afflicti
345 2107 416 2162 Regni
433 2098 540 2148 Eecliam.
552 2106 575 2147 in
591 2120 657 2149 suum
673 2107 819 2161 patrocinium
838 2111 860 2150 et
876 2107 1040 2150 benevolentiae

169 2178 243 2220 sinum
252 2177 355 2232 suscepit,
364 2176 488 2218 diutissime
498 2176 620 2218 incolumes
629 2180 764 2238 serretsuae
775 2178 868 2220 Sanctae
876 2178 970 2222 Eccliae.
979 2192 1039 2222 com·

169 2247 232 2289 muni
240 2247 303 2298 bono,
312 2250 334 2289 11
342 2245 410 2302 hujus
420 2246 529 2289 desolatae
539 2246 621 2302 patriae
632 2248 657 2288 ut
669 2260 695 2288 ex
705 2250 753 2288 toto
764 2247 827 2290 corde
838 2250 908 2304 optat,

228 2331 265 2373 Ex
274 2329 321 2373 1000
331 2330 374 2371 nri.
385 2329 465 2385 refugii
474 2330 498 2371 in
509 2329 624 2372 Hibernia.

290 2424 332 2466 Die
343 2423 371 2466 16
382 2423 443 2479 llaji
457 2422 521 2466 1634.

636 2483 777 2535 Matienius,
789 2483 884 2540 Archps.
902 2485 1009 2528 Tuamen.

246 2715 313 2758 111110
324 2714 447 2757 Pcctcrclis
460 2714 531 2769 Officii
545 2715 675 2757 nacoriensis
686 2706 800 2771 Arcbicpt.
812 2716 838 2757 irc
849 2713 965 2757 Hibernia.

211 2828 325 2885 Archieps.
332 2829 438 2872 Iuamen.
447 2843 505 2872 anno
516 2831 547 2873 4⁰·
555 2845 567 2872 a
576 2831 738 2873 consecratione
747 2833 854 2881 currente,
864 2842 946 2870 memor
953 2828 1037 2882 profes-

166 2898 234 2939 sionis
246 2902 267 2940 et
275 2900 402 2953 juramenti,
415 2912 457 2955 quc
469 2900 588 2943 obstrictus
599 2904 688 2943 tenetur
699 2901 793 2955 injuncti
804 2897 919 2954 pastoralis
927 2897 993 2940 officii
1004 2912 1039 2940 ra-

165 2968 248 3010 tionem
259 2967 347 3010 reddere
355 2983 427 3012 coram
437 2970 514 3013 SSmo.
524 2971 552 3014 D.
562 2971 598 3024 N„
610 2972 629 3015 si
637 2985 681 3014 non
692 2969 841 3026 personaliter,
853 2967 931 3011 saltem
939 2969 1039 3024 perfide·

943 3049 953 3075 o
