<?xml version="1.0" encoding="UTF-8"?>
<!DOCTYPE html PUBLIC "-//W3C//DTD XHTML 1.0 Transitional//EN"
    "http://www.w3.org/TR/xhtml1/DTD/xhtml1-transitional.dtd">
<html xmlns="http://www.w3.org/1999/xhtml" xml:lang="en" lang="en">
 <head>
  <title>
</title>
<meta http-equiv="Content-Type" content="text/html;charset=utf-8" />
  <meta name='ocr-system' content='tesseract 3.04.00' />
  <meta name='ocr-capabilities' content='ocr_page ocr_carea ocr_par ocr_line ocrx_word'/>
</head>
<body>
  <div class='ocr_page' id='page_1' title='image "MN5019ucmf_0_0289.png"; bbox 0 0 2416 3337; ppageno 0'>
   <div class='ocr_carea' id='block_1_1' title="bbox 208 178 790 221">
    <p class='ocr_par' dir='ltr' id='par_1_1' title="bbox 208 178 790 221">
     <span class='ocr_line' id='line_1_1' title="bbox 208 178 790 221; baseline 0.003 -2"><span class='ocrx_word' id='word_1_1' title='bbox 208 178 251 220; x_wconf 74' lang='lat'>258</span> <span class='ocrx_word' id='word_1_2' title='bbox 487 189 631 220; x_wconf 76' lang='lat' dir='ltr'>srrornncruu</span> <span class='ocrx_word' id='word_1_3' title='bbox 646 189 790 221; x_wconf 83' lang='lat' dir='ltr'>ossoarnnsr.</span> 
     </span>
    </p>
   </div>
   <div class='ocr_carea' id='block_1_2' title="bbox 200 337 1072 1524">
    <p class='ocr_par' dir='ltr' id='par_1_2' title="bbox 200 337 1072 1524">
     <span class='ocr_line' id='line_1_2' title="bbox 207 337 1072 396; baseline 0.001 -17"><span class='ocrx_word' id='word_1_4' title='bbox 207 341 317 393; x_wconf 86' lang='lat' dir='ltr'>quantum</span> <span class='ocrx_word' id='word_1_5' title='bbox 335 338 419 395; x_wconf 87' lang='lat' dir='ltr'>publico</span> <span class='ocrx_word' id='word_1_6' title='bbox 448 338 504 382; x_wconf 89' lang='lat' dir='ltr'>bono</span> <span class='ocrx_word' id='word_1_7' title='bbox 525 340 633 395; x_wconf 72' lang='lat' dir='ltr'>expediat,</span> <span class='ocrx_word' id='word_1_8' title='bbox 655 343 679 382; x_wconf 89' lang='lat' dir='ltr'>ut</span> <span class='ocrx_word' id='word_1_9' title='bbox 700 339 792 396; x_wconf 89' lang='lat' dir='ltr'>quilibet</span> <span class='ocrx_word' id='word_1_10' title='bbox 812 343 909 383; x_wconf 83' lang='lat' dir='ltr'>restrum</span> <span class='ocrx_word' id='word_1_11' title='bbox 934 337 1072 394; x_wconf 87' lang='lat' dir='ltr'>Episcopalis</span> 
     </span>
     <span class='ocr_line' id='line_1_3' title="bbox 207 409 1072 467; baseline 0 -16"><span class='ocrx_word' id='word_1_12' title='bbox 207 411 307 453; x_wconf 86' lang='lat' dir='ltr'>muneris</span> <span class='ocrx_word' id='word_1_13' title='bbox 318 424 408 462; x_wconf 81' lang='lat' dir='ltr'>mernor,</span> <span class='ocrx_word' id='word_1_14' title='bbox 420 409 549 454; x_wconf 85' lang='lat' dir='ltr'>honorificet</span> <span class='ocrx_word' id='word_1_15' title='bbox 556 411 706 454; x_wconf 86' lang='lat' dir='ltr'>ministerium</span> <span class='ocrx_word' id='word_1_16' title='bbox 717 426 789 463; x_wconf 84' lang='lat' dir='ltr'>suum,</span> <span class='ocrx_word' id='word_1_17' title='bbox 802 415 823 454; x_wconf 85' lang='lat' dir='ltr'>et</span> <span class='ocrx_word' id='word_1_18' title='bbox 835 414 912 454; x_wconf 88' lang='lat' dir='ltr'>cuncta</span> <span class='ocrx_word' id='word_1_19' title='bbox 923 409 996 453; x_wconf 89' lang='lat' dir='ltr'>sedulo</span> <span class='ocrx_word' id='word_1_20' title='bbox 1008 413 1072 467; x_wconf 86' lang='lat' dir='ltr'>atque</span> 
     </span>
     <span class='ocr_line' id='line_1_4' title="bbox 208 480 1071 542; baseline 0 -20"><span class='ocrx_word' id='word_1_21' title='bbox 208 480 308 524; x_wconf 71' lang='lat' dir='ltr'>alacriter</span> <span class='ocrx_word' id='word_1_22' title='bbox 318 485 449 537; x_wconf 76' lang='lat' dir='ltr'>promoveat,</span> <span class='ocrx_word' id='word_1_23' title='bbox 461 496 516 538; x_wconf 88' lang='lat' dir='ltr'>qnae</span> <span class='ocrx_word' id='word_1_24' title='bbox 524 482 551 524; x_wconf 91' lang='lat' dir='ltr'>ad</span> <span class='ocrx_word' id='word_1_25' title='bbox 559 482 665 524; x_wconf 75' lang='lat' dir='ltr'>Divinum</span> <span class='ocrx_word' id='word_1_26' title='bbox 674 482 759 525; x_wconf 90' lang='lat' dir='ltr'>cultum</span> <span class='ocrx_word' id='word_1_27' title='bbox 766 482 943 542; x_wconf 86' lang='lat' dir='ltr'>amplificandum</span> <span class='ocrx_word' id='word_1_28' title='bbox 950 485 972 524; x_wconf 90' lang='lat' dir='ltr'>et</span> <span class='ocrx_word' id='word_1_29' title='bbox 979 480 1071 524; x_wconf 73' lang='lat' dir='ltr'>Christi-</span> 
     </span>
     <span class='ocr_line' id='line_1_5' title="bbox 207 550 1070 607; baseline 0.002 -15"><span class='ocrx_word' id='word_1_30' title='bbox 207 550 308 593; x_wconf 87' lang='lat' dir='ltr'>fideiium</span> <span class='ocrx_word' id='word_1_31' title='bbox 323 551 496 595; x_wconf 87' lang='lat' dir='ltr'>incolumitatem</span> <span class='ocrx_word' id='word_1_32' title='bbox 513 552 617 594; x_wconf 88' lang='lat' dir='ltr'>tuendam</span> <span class='ocrx_word' id='word_1_33' title='bbox 632 552 730 606; x_wconf 86' lang='lat' dir='ltr'>proficua</span> <span class='ocrx_word' id='word_1_34' title='bbox 750 552 865 594; x_wconf 87' lang='lat' dir='ltr'>habentur.</span> <span class='ocrx_word' id='word_1_35' title='bbox 904 553 953 607; x_wconf 76' lang='lat' dir='ltr'>Ego</span> <span class='ocrx_word' id='word_1_36' title='bbox 975 566 1027 595; x_wconf 86' lang='lat' dir='ltr'>sane</span> <span class='ocrx_word' id='word_1_37' title='bbox 1044 552 1070 594; x_wconf 89' lang='lat' dir='ltr'>de</span> 
     </span>
     <span class='ocr_line' id='line_1_6' title="bbox 207 621 1072 677; baseline 0.001 -13"><span class='ocrx_word' id='word_1_38' title='bbox 207 621 287 664; x_wconf 80' lang='lat' dir='ltr'>eximia</span> <span class='ocrx_word' id='word_1_39' title='bbox 295 622 375 665; x_wconf 79' lang='lat' dir='ltr'>virtute</span> <span class='ocrx_word' id='word_1_40' title='bbox 385 634 428 677; x_wconf 87' lang='lat' dir='ltr'>qua</span> <span class='ocrx_word' id='word_1_41' title='bbox 443 634 481 663; x_wconf 85' lang='lat' dir='ltr'>vos</span> <span class='ocrx_word' id='word_1_42' title='bbox 498 621 616 675; x_wconf 78' lang='lat' dir='ltr'>insignitos</span> <span class='ocrx_word' id='word_1_43' title='bbox 634 635 682 662; x_wconf 91' lang='lat' dir='ltr'>esse</span> <span class='ocrx_word' id='word_1_44' title='bbox 695 621 838 676; x_wconf 80' lang='lat' dir='ltr'>jampridem</span> <span class='ocrx_word' id='word_1_45' title='bbox 853 622 946 677; x_wconf 80' lang='lat' dir='ltr'>percepi,</span> <span class='ocrx_word' id='word_1_46' title='bbox 963 622 1072 677; x_wconf 84' lang='lat' dir='ltr'>praeclara</span> 
     </span>
     <span class='ocr_line' id='line_1_7' title="bbox 207 689 1070 746; baseline 0.002 -12"><span class='ocrx_word' id='word_1_47' title='bbox 207 693 281 734; x_wconf 84' lang='lat' dir='ltr'>omnia</span> <span class='ocrx_word' id='word_1_48' title='bbox 289 693 382 746; x_wconf 66' lang='lat' dir='ltr'>expects),</span> <span class='ocrx_word' id='word_1_49' title='bbox 392 704 433 731; x_wconf 87' lang='lat' dir='ltr'>nec</span> <span class='ocrx_word' id='word_1_50' title='bbox 441 703 521 739; x_wconf 83' lang='lat' dir='ltr'>vereor,</span> <span class='ocrx_word' id='word_1_51' title='bbox 530 703 558 731; x_wconf 90' lang='lat' dir='ltr'>ne</span> <span class='ocrx_word' id='word_1_52' title='bbox 565 690 648 731; x_wconf 86' lang='lat' dir='ltr'>cunctis</span> <span class='ocrx_word' id='word_1_53' title='bbox 654 689 802 744; x_wconf 86' lang='lat' dir='ltr'>periculorum</span> <span class='ocrx_word' id='word_1_54' title='bbox 807 691 937 746; x_wconf 86' lang='lat' dir='ltr'>contemptis</span> <span class='ocrx_word' id='word_1_55' title='bbox 943 692 1070 743; x_wconf 84' lang='lat' dir='ltr'>terroribus,</span> 
     </span>
     <span class='ocr_line' id='line_1_8' title="bbox 206 759 1070 819; baseline -0.001 -14"><span class='ocrx_word' id='word_1_56' title='bbox 206 761 314 819; x_wconf 89' lang='lat' dir='ltr'>quaslibet</span> <span class='ocrx_word' id='word_1_57' title='bbox 330 760 452 802; x_wconf 74' lang='lat' dir='ltr'>occasiones</span> <span class='ocrx_word' id='word_1_58' title='bbox 468 762 594 812; x_wconf 84' lang='lat' dir='ltr'>constanter</span> <span class='ocrx_word' id='word_1_59' title='bbox 605 759 768 816; x_wconf 84' lang='lat' dir='ltr'>amplectamini</span> <span class='ocrx_word' id='word_1_60' title='bbox 784 774 806 803; x_wconf 89' lang='lat' dir='ltr'>re</span> <span class='ocrx_word' id='word_1_61' title='bbox 821 760 870 817; x_wconf 84' lang='lat' dir='ltr'>ipsa</span> <span class='ocrx_word' id='word_1_62' title='bbox 884 764 1021 816; x_wconf 86' lang='lat' dir='ltr'>perspectum</span> <span class='ocrx_word' id='word_1_63' title='bbox 1033 764 1070 815; x_wconf 84' lang='lat' dir='ltr'>sit,</span> 
     </span>
     <span class='ocr_line' id='line_1_9' title="bbox 205 829 1070 888; baseline 0.002 -15"><span class='ocrx_word' id='word_1_64' title='bbox 205 835 313 888; x_wconf 85' lang='lat' dir='ltr'>quantum</span> <span class='ocrx_word' id='word_1_65' title='bbox 323 829 426 872; x_wconf 88' lang='lat' dir='ltr'>utilitatis</span> <span class='ocrx_word' id='word_1_66' title='bbox 437 844 464 872; x_wconf 78' lang='lat' dir='ltr'>ex</span> <span class='ocrx_word' id='word_1_67' title='bbox 471 830 561 886; x_wconf 88' lang='lat' dir='ltr'>optimis</span> <span class='ocrx_word' id='word_1_68' title='bbox 568 830 691 873; x_wconf 88' lang='lat' dir='ltr'>animarum</span> <span class='ocrx_word' id='word_1_69' title='bbox 698 830 826 874; x_wconf 84' lang='lat' dir='ltr'>Pastoribus</span> <span class='ocrx_word' id='word_1_70' title='bbox 833 832 857 873; x_wconf 89' lang='lat' dir='ltr'>in</span> <span class='ocrx_word' id='word_1_71' title='bbox 864 845 978 875; x_wconf 89' lang='lat' dir='ltr'>commune</span> <span class='ocrx_word' id='word_1_72' title='bbox 986 831 1070 876; x_wconf 89' lang='lat' dir='ltr'>bonum</span> 
     </span>
     <span class='ocr_line' id='line_1_10' title="bbox 203 900 1069 959; baseline 0.003 -15"><span class='ocrx_word' id='word_1_73' title='bbox 203 902 311 958; x_wconf 84' lang='lat' dir='ltr'>proficisci</span> <span class='ocrx_word' id='word_1_74' title='bbox 326 902 403 958; x_wconf 87' lang='lat' dir='ltr'>possit.</span> <span class='ocrx_word' id='word_1_75' title='bbox 436 900 493 943; x_wconf 80' lang='lat' dir='ltr'>Cum</span> <span class='ocrx_word' id='word_1_76' title='bbox 508 904 583 944; x_wconf 85' lang='lat' dir='ltr'>tamen</span> <span class='ocrx_word' id='word_1_77' title='bbox 599 901 727 959; x_wconf 85' lang='lat' dir='ltr'>ampliorem</span> <span class='ocrx_word' id='word_1_78' title='bbox 743 903 809 946; x_wconf 88' lang='lat' dir='ltr'>istius</span> <span class='ocrx_word' id='word_1_79' title='bbox 825 902 897 959; x_wconf 83' lang='lat' dir='ltr'>Regni</span> <span class='ocrx_word' id='word_1_80' title='bbox 912 904 1069 959; x_wconf 88' lang='lat' dir='ltr'>protectionem</span> 
     </span>
     <span class='ocr_line' id='line_1_11' title="bbox 204 973 1069 1030; baseline 0.001 -14"><span class='ocrx_word' id='word_1_81' title='bbox 204 977 282 1016; x_wconf 88' lang='lat' dir='ltr'>nactus</span> <span class='ocrx_word' id='word_1_82' title='bbox 298 973 384 1025; x_wconf 80' lang='lat' dir='ltr'>fuerim,</span> <span class='ocrx_word' id='word_1_83' title='bbox 401 985 463 1015; x_wconf 89' lang='lat' dir='ltr'>meas</span> <span class='ocrx_word' id='word_1_84' title='bbox 482 977 555 1028; x_wconf 87' lang='lat' dir='ltr'>partes</span> <span class='ocrx_word' id='word_1_85' title='bbox 573 986 621 1016; x_wconf 91' lang='lat' dir='ltr'>esse</span> <span class='ocrx_word' id='word_1_86' title='bbox 644 973 768 1016; x_wconf 75' lang='lat' dir='ltr'>existimari</span> <span class='ocrx_word' id='word_1_87' title='bbox 784 974 922 1030; x_wconf 86' lang='lat' dir='ltr'>praecipuam</span> <span class='ocrx_word' id='word_1_88' title='bbox 938 973 996 1026; x_wconf 87' lang='lat' dir='ltr'>DD.,</span> <span class='ocrx_word' id='word_1_89' title='bbox 1012 974 1069 1027; x_wconf 70' lang='lat' dir='ltr'>VV„</span> 
     </span>
     <span class='ocr_line' id='line_1_12' title="bbox 204 1042 1070 1101; baseline 0.002 -15"><span class='ocrx_word' id='word_1_90' title='bbox 204 1042 367 1086; x_wconf 60' lang='lat' dir='ltr'>solicitudinem</span> <span class='ocrx_word' id='word_1_91' title='bbox 382 1043 498 1096; x_wconf 74' lang='lat' dir='ltr'>declarare,</span> <span class='ocrx_word' id='word_1_92' title='bbox 517 1048 583 1100; x_wconf 87' lang='lat' dir='ltr'>atque</span> <span class='ocrx_word' id='word_1_93' title='bbox 600 1043 655 1086; x_wconf 82' lang='lat' dir='ltr'>illud</span> <span class='ocrx_word' id='word_1_94' title='bbox 675 1044 751 1100; x_wconf 88' lang='lat' dir='ltr'>ipsum</span> <span class='ocrx_word' id='word_1_95' title='bbox 766 1058 779 1086; x_wconf 92' lang='lat' dir='ltr'>a</span> <span class='ocrx_word' id='word_1_96' title='bbox 794 1044 856 1087; x_wconf 84' lang='lat' dir='ltr'>vobis</span> <span class='ocrx_word' id='word_1_97' title='bbox 872 1048 952 1100; x_wconf 82' lang='lat' dir='ltr'>petere,</span> <span class='ocrx_word' id='word_1_98' title='bbox 968 1044 995 1087; x_wconf 90' lang='lat' dir='ltr'>ad</span> <span class='ocrx_word' id='word_1_99' title='bbox 1011 1045 1070 1101; x_wconf 85' lang='lat' dir='ltr'>quod</span> 
     </span>
     <span class='ocr_line' id='line_1_13' title="bbox 203 1115 1069 1172; baseline 0.001 -15"><span class='ocrx_word' id='word_1_100' title='bbox 203 1115 303 1172; x_wconf 77' lang='lat' dir='ltr'>propriae</span> <span class='ocrx_word' id='word_1_101' title='bbox 319 1115 432 1158; x_wconf 84' lang='lat' dir='ltr'>charitatis</span> <span class='ocrx_word' id='word_1_102' title='bbox 447 1115 590 1158; x_wconf 87' lang='lat' dir='ltr'>incitamento</span> <span class='ocrx_word' id='word_1_103' title='bbox 610 1128 647 1158; x_wconf 81' lang='lat' dir='ltr'>vos</span> <span class='ocrx_word' id='word_1_104' title='bbox 664 1115 809 1171; x_wconf 78' lang='lat' dir='ltr'>impellendos</span> <span class='ocrx_word' id='word_1_105' title='bbox 826 1129 875 1157; x_wconf 85' lang='lat' dir='ltr'>esse</span> <span class='ocrx_word' id='word_1_106' title='bbox 892 1115 983 1158; x_wconf 87' lang='lat' dir='ltr'>confido.</span> <span class='ocrx_word' id='word_1_107' title='bbox 1026 1115 1069 1167; x_wconf 78' lang='lat' dir='ltr'>Qui</span> 
     </span>
     <span class='ocr_line' id='line_1_14' title="bbox 204 1184 1067 1241; baseline 0 -13"><span class='ocrx_word' id='word_1_108' title='bbox 204 1186 264 1228; x_wconf 89' lang='lat' dir='ltr'>enim</span> <span class='ocrx_word' id='word_1_109' title='bbox 274 1185 380 1228; x_wconf 86' lang='lat' dir='ltr'>bonorum</span> <span class='ocrx_word' id='word_1_110' title='bbox 391 1186 490 1241; x_wconf 85' lang='lat' dir='ltr'>opinioni</span> <span class='ocrx_word' id='word_1_111' title='bbox 501 1186 607 1229; x_wconf 83' lang='lat' dir='ltr'>hactenus</span> <span class='ocrx_word' id='word_1_112' title='bbox 619 1200 705 1228; x_wconf 88' lang='lat' dir='ltr'>summa</span> <span class='ocrx_word' id='word_1_113' title='bbox 716 1199 766 1227; x_wconf 90' lang='lat' dir='ltr'>cum</span> <span class='ocrx_word' id='word_1_114' title='bbox 782 1184 846 1226; x_wconf 87' lang='lat' dir='ltr'>laude</span> <span class='ocrx_word' id='word_1_115' title='bbox 857 1184 1002 1237; x_wconf 67' lang='lat' dir='ltr'>satisfecistis,</span> <span class='ocrx_word' id='word_1_116' title='bbox 1019 1200 1067 1240; x_wconf 82' lang='lat' dir='ltr'>prc-</span> 
     </span>
     <span class='ocr_line' id='line_1_15' title="bbox 203 1254 1068 1312; baseline 0 -14"><span class='ocrx_word' id='word_1_117' title='bbox 203 1256 238 1299; x_wconf 84' lang='lat' dir='ltr'>enl</span> <span class='ocrx_word' id='word_1_118' title='bbox 264 1255 331 1298; x_wconf 87' lang='lat' dir='ltr'>dubio</span> <span class='ocrx_word' id='word_1_119' title='bbox 351 1270 421 1312; x_wconf 88' lang='lat' dir='ltr'>neque</span> <span class='ocrx_word' id='word_1_120' title='bbox 447 1256 523 1306; x_wconf 86' lang='lat' dir='ltr'>officio,</span> <span class='ocrx_word' id='word_1_121' title='bbox 549 1270 620 1312; x_wconf 87' lang='lat' dir='ltr'>neque</span> <span class='ocrx_word' id='word_1_122' title='bbox 638 1256 738 1311; x_wconf 88' lang='lat' dir='ltr'>publicae</span> <span class='ocrx_word' id='word_1_123' title='bbox 763 1255 790 1297; x_wconf 90' lang='lat' dir='ltr'>de</span> <span class='ocrx_word' id='word_1_124' title='bbox 815 1254 963 1297; x_wconf 86' lang='lat' dir='ltr'>Pastoralibus</span> <span class='ocrx_word' id='word_1_125' title='bbox 988 1256 1068 1298; x_wconf 83' lang='lat' dir='ltr'>vestris</span> 
     </span>
     <span class='ocr_line' id='line_1_16' title="bbox 203 1325 1066 1383; baseline -0.001 -13"><span class='ocrx_word' id='word_1_126' title='bbox 203 1326 318 1370; x_wconf 85' lang='lat' dir='ltr'>conatibus</span> <span class='ocrx_word' id='word_1_127' title='bbox 334 1327 478 1381; x_wconf 80' lang='lat' dir='ltr'>expectationi</span> <span class='ocrx_word' id='word_1_128' title='bbox 493 1327 612 1383; x_wconf 74' lang='lat' dir='ltr'>quidquam</span> <span class='ocrx_word' id='word_1_129' title='bbox 628 1327 703 1369; x_wconf 84' lang='lat' dir='ltr'>deesse</span> <span class='ocrx_word' id='word_1_130' title='bbox 719 1326 840 1382; x_wconf 87' lang='lat' dir='ltr'>patiemini.</span> <span class='ocrx_word' id='word_1_131' title='bbox 884 1326 918 1369; x_wconf 82' lang='lat' dir='ltr'>lta</span> <span class='ocrx_word' id='word_1_132' title='bbox 928 1325 1066 1379; x_wconf 72' lang='lat' dir='ltr'>tutissimus,</span> 
     </span>
     <span class='ocr_line' id='line_1_17' title="bbox 201 1395 1066 1454; baseline 0.002 -16"><span class='ocrx_word' id='word_1_133' title='bbox 201 1395 385 1454; x_wconf 83' lang='lat' dir='ltr'>quemadmodum</span> <span class='ocrx_word' id='word_1_134' title='bbox 393 1396 457 1439; x_wconf 79' lang='lat' dir='ltr'>enixe</span> <span class='ocrx_word' id='word_1_135' title='bbox 467 1397 561 1453; x_wconf 81' lang='lat' dir='ltr'>postulo,</span> <span class='ocrx_word' id='word_1_136' title='bbox 571 1397 680 1453; x_wconf 82' lang='lat' dir='ltr'>religiosis</span> <span class='ocrx_word' id='word_1_137' title='bbox 690 1397 750 1448; x_wconf 65' lang='lat' dir='ltr'>DD„</span> <span class='ocrx_word' id='word_1_138' title='bbox 758 1396 814 1448; x_wconf 71' lang='lat' dir='ltr'>VV„</span> <span class='ocrx_word' id='word_1_139' title='bbox 824 1397 881 1440; x_wconf 86' lang='lat' dir='ltr'>votis</span> <span class='ocrx_word' id='word_1_140' title='bbox 889 1400 954 1453; x_wconf 82' lang='lat' dir='ltr'>atque</span> <span class='ocrx_word' id='word_1_141' title='bbox 964 1397 1066 1454; x_wconf 86' lang='lat' dir='ltr'>operibus</span> 
     </span>
     <span class='ocr_line' id='line_1_18' title="bbox 200 1467 334 1524; baseline -0.015 -13"><span class='ocrx_word' id='word_1_142' title='bbox 200 1471 286 1524; x_wconf 84' lang='lat' dir='ltr'>praesto</span> <span class='ocrx_word' id='word_1_143' title='bbox 298 1467 334 1510; x_wconf 88' lang='lat' dir='ltr'>sit.</span> 
     </span>
    </p>
   </div>
   <div class='ocr_carea' id='block_1_3' title="bbox 245 1543 691 1609">
    <p class='ocr_par' dir='ltr' id='par_1_3' title="bbox 245 1543 691 1609">
     <span class='ocr_line' id='line_1_19' title="bbox 245 1543 691 1609; baseline 0.002 -12"><span class='ocrx_word' id='word_1_144' title='bbox 245 1556 336 1609; x_wconf 83' lang='lat' dir='ltr'>Romae,</span> <span class='ocrx_word' id='word_1_145' title='bbox 349 1555 383 1598; x_wconf 88' lang='lat' dir='ltr'>die</span> <span class='ocrx_word' id='word_1_146' title='bbox 394 1556 408 1598; x_wconf 79' lang='grc'>2</span> <span class='ocrx_word' id='word_1_147' title='bbox 419 1555 472 1599; x_wconf 87' lang='lat' dir='ltr'>Feb.</span> <span class='ocrx_word' id='word_1_148' title='bbox 485 1570 541 1599; x_wconf 89' lang='lat' dir='ltr'>anno</span> <span class='ocrx_word' id='word_1_149' title='bbox 555 1553 620 1599; x_wconf 77' lang='lat'><strong>1642.</strong></span> <span class='ocrx_word' id='word_1_150' title='bbox 686 1543 691 1557; x_wconf 63' lang='grc'><strong>’</strong></span> 
     </span>
    </p>
   </div>
   <div class='ocr_carea' id='block_1_4' title="bbox 601 1930 658 1973">
    <p class='ocr_par' dir='ltr' id='par_1_4' title="bbox 601 1930 658 1973">
     <span class='ocr_line' id='line_1_20' title="bbox 601 1930 658 1973; baseline -0.035 0"><span class='ocrx_word' id='word_1_151' title='bbox 601 1930 658 1973; x_wconf 78' lang='grc' dir='ltr'>ΟΝ,</span> 
     </span>
    </p>
   </div>
   <div class='ocr_carea' id='block_1_5' title="bbox 199 2044 1057 2097">
    <p class='ocr_par' dir='ltr' id='par_1_5' title="bbox 199 2044 1057 2097">
     <span class='ocr_line' id='line_1_21' title="bbox 199 2044 1057 2097; baseline -0.003 -7"><span class='ocrx_word' id='word_1_152' title='bbox 199 2049 295 2093; x_wconf 81' lang='lat' dir='ltr'>Larrnu</span> <span class='ocrx_word' id='word_1_153' title='bbox 306 2062 333 2093; x_wconf 82' lang='lat' dir='ltr'>or</span> <span class='ocrx_word' id='word_1_154' title='bbox 343 2061 387 2093; x_wconf 78' lang='lat' dir='ltr'>rna</span> <span class='ocrx_word' id='word_1_155' title='bbox 402 2047 463 2091; x_wconf 75' lang='lat' dir='ltr'>Sana</span> <span class='ocrx_word' id='word_1_156' title='bbox 475 2060 502 2090; x_wconf 85' lang='lat' dir='ltr'>ro</span> <span class='ocrx_word' id='word_1_157' title='bbox 509 2059 554 2088; x_wconf 80' lang='lat' dir='ltr'>run</span> <span class='ocrx_word' id='word_1_158' title='bbox 562 2045 709 2088; x_wconf 77' lang='lat' dir='ltr'>Aaounrsnou</span> <span class='ocrx_word' id='word_1_159' title='bbox 719 2057 746 2087; x_wconf 82' lang='lat' dir='ltr'>cn</span> <span class='ocrx_word' id='word_1_160' title='bbox 753 2045 850 2097; x_wconf 77' lang='lat' dir='ltr'>Duram,</span> <span class='ocrx_word' id='word_1_161' title='bbox 863 2045 907 2087; x_wconf 69' lang='lat' dir='ltr'>tiu&gt;</span> <span class='ocrx_word' id='word_1_162' title='bbox 918 2044 981 2097; x_wconf 76' lang='lat' dir='ltr'>Fra,</span> <span class='ocrx_word' id='word_1_163' title='bbox 994 2045 1057 2087; x_wconf 74' lang='lat'>1642.</span> 
     </span>
    </p>
   </div>
   <div class='ocr_carea' id='block_1_6' title="bbox 473 2157 784 2202">
    <p class='ocr_par' dir='ltr' id='par_1_6' title="bbox 473 2157 784 2202">
     <span class='ocr_line' id='line_1_22' title="bbox 473 2157 784 2202; baseline -0.006 -10"><span class='ocrx_word' id='word_1_164' title='bbox 473 2161 533 2202; x_wconf 81' lang='lat' dir='ltr'>(Facu</span> <span class='ocrx_word' id='word_1_165' title='bbox 540 2168 578 2191; x_wconf 78' lang='lat' dir='ltr'>run</span> <span class='ocrx_word' id='word_1_166' title='bbox 587 2159 616 2193; x_wconf 82' lang='lat' dir='ltr'>Sr.</span> <span class='ocrx_word' id='word_1_167' title='bbox 622 2157 715 2191; x_wconf 70' lang='lat' dir='ltr'>Isinoa&#39;n&#39;s</span> <span class='ocrx_word' id='word_1_168' title='bbox 724 2157 784 2199; x_wconf 76' lang='lat' dir='ltr'>MSS.)</span> 
     </span>
    </p>
   </div>
   <div class='ocr_carea' id='block_1_7' title="bbox 451 2261 804 2321">
    <p class='ocr_par' dir='ltr' id='par_1_7' title="bbox 451 2261 804 2321">
     <span class='ocr_line' id='line_1_23' title="bbox 451 2261 804 2321; baseline -0.008 -16"><span class='ocrx_word' id='word_1_169' title='bbox 451 2263 629 2321; x_wconf 78' lang='lat' dir='ltr'>Aaonrnrrscoro</span> <span class='ocrx_word' id='word_1_170' title='bbox 645 2261 804 2304; x_wconf 76' lang='lat' dir='ltr'>Dunuuunusr.</span> 
     </span>
    </p>
   </div>
   <div class='ocr_carea' id='block_1_8' title="bbox 196 2377 721 2427">
    <p class='ocr_par' dir='ltr' id='par_1_8' title="bbox 196 2377 721 2427">
     <span class='ocr_line' id='line_1_24' title="bbox 196 2377 721 2427; baseline -0.01 -4"><span class='ocrx_word' id='word_1_171' title='bbox 196 2381 362 2423; x_wconf 76' lang='lat' dir='ltr'>Pramnusrrus</span> <span class='ocrx_word' id='word_1_172' title='bbox 372 2391 398 2421; x_wconf 75' lang='lat' dir='ltr'>Ao</span> <span class='ocrx_word' id='word_1_173' title='bbox 408 2378 611 2421; x_wconf 73' lang='lat' dir='ltr'>Rauranuurssrun</span> <span class='ocrx_word' id='word_1_174' title='bbox 621 2377 721 2427; x_wconf 76' lang='lat' dir='ltr'>Douma,</span> 
     </span>
    </p>
   </div>
   <div class='ocr_carea' id='block_1_9' title="bbox 191 2463 1058 3015">
    <p class='ocr_par' dir='ltr' id='par_1_9' title="bbox 191 2463 1058 3015">
     <span class='ocr_line' id='line_1_25' title="bbox 242 2463 1058 2522; baseline -0.005 -11"><span class='ocrx_word' id='word_1_175' title='bbox 242 2469 273 2512; x_wconf 92' lang='lat' dir='ltr'>Ut</span> <span class='ocrx_word' id='word_1_176' title='bbox 282 2482 346 2510; x_wconf 87' lang='lat' dir='ltr'>neruo</span> <span class='ocrx_word' id='word_1_177' title='bbox 358 2470 390 2509; x_wconf 91' lang='lat' dir='ltr'>est</span> <span class='ocrx_word' id='word_1_178' title='bbox 402 2468 439 2522; x_wconf 89' lang='lat' dir='ltr'>qui</span> <span class='ocrx_word' id='word_1_179' title='bbox 449 2466 492 2510; x_wconf 88' lang='lat' dir='ltr'>Dei</span> <span class='ocrx_word' id='word_1_180' title='bbox 502 2480 590 2509; x_wconf 86' lang='lat' dir='ltr'>causam</span> <span class='ocrx_word' id='word_1_181' title='bbox 601 2466 678 2522; x_wconf 85' lang='lat' dir='ltr'>majori</span> <span class='ocrx_word' id='word_1_182' title='bbox 686 2464 760 2508; x_wconf 88' lang='lat' dir='ltr'>studio</span> <span class='ocrx_word' id='word_1_183' title='bbox 769 2466 806 2507; x_wconf 85' lang='lat' dir='ltr'>aut</span> <span class='ocrx_word' id='word_1_184' title='bbox 816 2463 942 2506; x_wconf 86' lang='lat' dir='ltr'>constantia</span> <span class='ocrx_word' id='word_1_185' title='bbox 952 2476 1015 2519; x_wconf 79' lang='lat' dir='ltr'>agere</span> <span class='ocrx_word' id='word_1_186' title='bbox 1022 2463 1058 2507; x_wconf 85' lang='lat' dir='ltr'>de-</span> 
     </span>
     <span class='ocr_line' id='line_1_26' title="bbox 195 2533 1057 2597; baseline -0.008 -13"><span class='ocrx_word' id='word_1_187' title='bbox 195 2542 245 2584; x_wconf 90' lang='lat' dir='ltr'>beat</span> <span class='ocrx_word' id='word_1_188' title='bbox 254 2553 320 2597; x_wconf 90' lang='lat' dir='ltr'>quam</span> <span class='ocrx_word' id='word_1_189' title='bbox 327 2538 343 2580; x_wconf 88' lang='lat' dir='ltr'>ii</span> <span class='ocrx_word' id='word_1_190' title='bbox 351 2536 430 2593; x_wconf 86' lang='lat' dir='ltr'>quibus</span> <span class='ocrx_word' id='word_1_191' title='bbox 439 2537 560 2580; x_wconf 89' lang='lat' dir='ltr'>animarum</span> <span class='ocrx_word' id='word_1_192' title='bbox 569 2537 661 2580; x_wconf 87' lang='lat' dir='ltr'>salutem</span> <span class='ocrx_word' id='word_1_193' title='bbox 668 2539 771 2578; x_wconf 89' lang='lat' dir='ltr'>aeternus</span> <span class='ocrx_word' id='word_1_194' title='bbox 779 2533 939 2576; x_wconf 82' lang='lat' dir='ltr'>Paterfamilias</span> <span class='ocrx_word' id='word_1_195' title='bbox 948 2548 1057 2578; x_wconf 89' lang='lat' dir='ltr'>commen-</span> 
     </span>
     <span class='ocr_line' id='line_1_27' title="bbox 194 2603 1056 2663; baseline -0.007 -8"><span class='ocrx_word' id='word_1_196' title='bbox 194 2611 259 2663; x_wconf 74' lang='lat' dir='ltr'>davit,</span> <span class='ocrx_word' id='word_1_197' title='bbox 272 2611 303 2652; x_wconf 87' lang='lat' dir='ltr'>ita</span> <span class='ocrx_word' id='word_1_198' title='bbox 314 2608 342 2651; x_wconf 82' lang='lat' dir='ltr'>D.</span> <span class='ocrx_word' id='word_1_199' title='bbox 354 2611 406 2650; x_wconf 82' lang='lat' dir='ltr'>tuae</span> <span class='ocrx_word' id='word_1_200' title='bbox 416 2607 508 2649; x_wconf 82' lang='lat' dir='ltr'>uirtutes</span> <span class='ocrx_word' id='word_1_201' title='bbox 519 2608 573 2650; x_wconf 87' lang='lat' dir='ltr'>satis</span> <span class='ocrx_word' id='word_1_202' title='bbox 583 2607 685 2650; x_wconf 89' lang='lat' dir='ltr'>omnibus</span> <span class='ocrx_word' id='word_1_203' title='bbox 697 2605 791 2649; x_wconf 86' lang='lat' dir='ltr'>suadent</span> <span class='ocrx_word' id='word_1_204' title='bbox 800 2605 845 2646; x_wconf 84' lang='lat' dir='ltr'>fore</span> <span class='ocrx_word' id='word_1_205' title='bbox 856 2604 915 2646; x_wconf 81' lang='lat' dir='ltr'>utin</span> <span class='ocrx_word' id='word_1_206' title='bbox 928 2603 968 2647; x_wconf 88' lang='lat' dir='ltr'>hoc</span> <span class='ocrx_word' id='word_1_207' title='bbox 983 2619 1056 2649; x_wconf 86' lang='lat' dir='ltr'>rerum</span> 
     </span>
     <span class='ocr_line' id='line_1_28' title="bbox 193 2674 1055 2733; baseline -0.007 -7"><span class='ocrx_word' id='word_1_208' title='bbox 193 2686 252 2726; x_wconf 90' lang='lat' dir='ltr'>statu</span> <span class='ocrx_word' id='word_1_209' title='bbox 273 2680 335 2723; x_wconf 86' lang='lat' dir='ltr'>nulla</span> <span class='ocrx_word' id='word_1_210' title='bbox 355 2693 381 2721; x_wconf 74' lang='lat' dir='ltr'>eu</span> <span class='ocrx_word' id='word_1_211' title='bbox 401 2680 464 2733; x_wconf 90' lang='lat' dir='ltr'>parte</span> <span class='ocrx_word' id='word_1_212' title='bbox 483 2677 599 2719; x_wconf 85' lang='lat' dir='ltr'>desiderari</span> <span class='ocrx_word' id='word_1_213' title='bbox 619 2677 708 2733; x_wconf 86' lang='lat' dir='ltr'>patiaris</span> <span class='ocrx_word' id='word_1_214' title='bbox 733 2690 781 2718; x_wconf 91' lang='lat' dir='ltr'>eam</span> <span class='ocrx_word' id='word_1_215' title='bbox 801 2674 970 2718; x_wconf 87' lang='lat' dir='ltr'>sollicitudinem</span> <span class='ocrx_word' id='word_1_216' title='bbox 991 2690 1055 2733; x_wconf 82' lang='lat' dir='ltr'>quan]</span> 
     </span>
     <span class='ocr_line' id='line_1_29' title="bbox 192 2746 1056 2811; baseline -0.006 -16"><span class='ocrx_word' id='word_1_217' title='bbox 192 2753 297 2811; x_wconf 88' lang='lat' dir='ltr'>peculiari</span> <span class='ocrx_word' id='word_1_218' title='bbox 308 2755 346 2793; x_wconf 87' lang='lat' dir='ltr'>tua</span> <span class='ocrx_word' id='word_1_219' title='bbox 354 2763 404 2792; x_wconf 89' lang='lat' dir='ltr'>cum</span> <span class='ocrx_word' id='word_1_220' title='bbox 415 2747 481 2791; x_wconf 86' lang='lat' dir='ltr'>laude</span> <span class='ocrx_word' id='word_1_221' title='bbox 492 2747 598 2789; x_wconf 89' lang='lat' dir='ltr'>hactenus</span> <span class='ocrx_word' id='word_1_222' title='bbox 614 2747 739 2790; x_wconf 82' lang='lat' dir='ltr'>exhibuisti.</span> <span class='ocrx_word' id='word_1_223' title='bbox 772 2746 901 2788; x_wconf 86' lang='lat' dir='ltr'>Praesentes</span> <span class='ocrx_word' id='word_1_224' title='bbox 918 2760 969 2789; x_wconf 88' lang='lat' dir='ltr'>sane</span> <span class='ocrx_word' id='word_1_225' title='bbox 984 2746 1056 2804; x_wconf 81' lang='lat' dir='ltr'>Regni</span> 
     </span>
     <span class='ocr_line' id='line_1_30' title="bbox 191 2816 1055 2874; baseline -0.007 -8"><span class='ocrx_word' id='word_1_226' title='bbox 191 2824 257 2867; x_wconf 86' lang='lat' dir='ltr'>istius</span> <span class='ocrx_word' id='word_1_227' title='bbox 271 2821 409 2864; x_wconf 83' lang='lat' dir='ltr'>difficultates</span> <span class='ocrx_word' id='word_1_228' title='bbox 426 2818 523 2874; x_wconf 85' lang='lat' dir='ltr'>amplum</span> <span class='ocrx_word' id='word_1_229' title='bbox 540 2817 663 2859; x_wconf 80' lang='lat' dir='ltr'>Catholicae</span> <span class='ocrx_word' id='word_1_230' title='bbox 679 2816 791 2872; x_wconf 76' lang='lat' dir='ltr'>religionis</span> <span class='ocrx_word' id='word_1_231' title='bbox 805 2816 955 2872; x_wconf 81' lang='lat' dir='ltr'>propagandae</span> <span class='ocrx_word' id='word_1_232' title='bbox 970 2818 1055 2861; x_wconf 88' lang='lat' dir='ltr'>aditum</span> 
     </span>
     <span class='ocr_line' id='line_1_31' title="bbox 191 2885 1054 2949; baseline -0.007 -13"><span class='ocrx_word' id='word_1_233' title='bbox 191 2894 232 2937; x_wconf 87' lang='lat' dir='ltr'>tibi</span> <span class='ocrx_word' id='word_1_234' title='bbox 241 2893 346 2949; x_wconf 86' lang='lat' dir='ltr'>aperient.</span> <span class='ocrx_word' id='word_1_235' title='bbox 366 2889 526 2933; x_wconf 81' lang='lat' dir='ltr'>Sanctissimus</span> <span class='ocrx_word' id='word_1_236' title='bbox 534 2887 643 2930; x_wconf 90' lang='lat' dir='ltr'>Dominus</span> <span class='ocrx_word' id='word_1_237' title='bbox 651 2886 739 2937; x_wconf 88' lang='lat' dir='ltr'>Noster,</span> <span class='ocrx_word' id='word_1_238' title='bbox 749 2885 786 2943; x_wconf 84' lang='lat' dir='ltr'>qui</span> <span class='ocrx_word' id='word_1_239' title='bbox 794 2885 930 2942; x_wconf 79' lang='lat' dir='ltr'>Apostolicae</span> <span class='ocrx_word' id='word_1_240' title='bbox 941 2887 1054 2931; x_wconf 85' lang='lat' dir='ltr'>charitatis</span> 
     </span>
     <span class='ocr_line' id='line_1_32' title="bbox 191 2957 1054 3015; baseline -0.009 -7"><span class='ocrx_word' id='word_1_241' title='bbox 191 2964 265 3008; x_wconf 90' lang='lat' dir='ltr'>oculos</span> <span class='ocrx_word' id='word_1_242' title='bbox 275 2962 349 3006; x_wconf 86' lang='lat' dir='ltr'>isthuc</span> <span class='ocrx_word' id='word_1_243' title='bbox 360 2961 473 3012; x_wconf 81' lang='lat' dir='ltr'>convertit,</span> <span class='ocrx_word' id='word_1_244' title='bbox 485 2958 607 3015; x_wconf 84' lang='lat' dir='ltr'>plurimum</span> <span class='ocrx_word' id='word_1_245' title='bbox 616 2957 641 3000; x_wconf 91' lang='lat' dir='ltr'>de</span> <span class='ocrx_word' id='word_1_246' title='bbox 652 2959 765 3014; x_wconf 86' lang='lat' dir='ltr'>perspecta</span> <span class='ocrx_word' id='word_1_247' title='bbox 775 2960 812 2999; x_wconf 89' lang='lat' dir='ltr'>tua</span> <span class='ocrx_word' id='word_1_248' title='bbox 822 2957 903 3012; x_wconf 86' lang='lat' dir='ltr'>pietate</span> <span class='ocrx_word' id='word_1_249' title='bbox 911 2972 934 3000; x_wconf 90' lang='lat' dir='ltr'>ac</span> <span class='ocrx_word' id='word_1_250' title='bbox 941 2958 1054 3014; x_wconf 80' lang='lat' dir='ltr'>vigilantia</span> 
     </span>
    </p>
   </div>
   <div class='ocr_carea' id='block_1_10' title="bbox 192 3028 1052 3091">
    <p class='ocr_par' dir='ltr' id='par_1_10' title="bbox 192 3028 1052 3091">
     <span class='ocr_line' id='line_1_33' title="bbox 192 3028 1052 3091; baseline -0.008 -11"><span class='ocrx_word' id='word_1_251' title='bbox 192 3036 233 3080; x_wconf 86' lang='lat' dir='ltr'>sibi</span> <span class='ocrx_word' id='word_1_252' title='bbox 243 3035 365 3091; x_wconf 82' lang='lat' dir='ltr'>pollicetur.</span> <span class='ocrx_word' id='word_1_253' title='bbox 386 3033 419 3076; x_wconf 86' lang='lat' dir='ltr'>Et</span> <span class='ocrx_word' id='word_1_254' title='bbox 429 3031 529 3089; x_wconf 81' lang='lat' dir='ltr'>quamuis</span> <span class='ocrx_word' id='word_1_255' title='bbox 539 3044 578 3087; x_wconf 86' lang='lat' dir='ltr'>pro</span> <span class='ocrx_word' id='word_1_256' title='bbox 586 3033 643 3073; x_wconf 88' lang='lat' dir='ltr'>certo</span> <span class='ocrx_word' id='word_1_257' title='bbox 654 3028 741 3082; x_wconf 82' lang='lat' dir='ltr'>babeat,</span> <span class='ocrx_word' id='word_1_258' title='bbox 750 3028 865 3087; x_wconf 87' lang='lat' dir='ltr'>pastoralis</span> <span class='ocrx_word' id='word_1_259' title='bbox 873 3030 971 3073; x_wconf 83' lang='lat' dir='ltr'>muneris</span> <span class='ocrx_word' id='word_1_260' title='bbox 979 3033 1052 3086; x_wconf 84' lang='lat' dir='ltr'>partes</span> 
     </span>
    </p>
   </div>
   <div class='ocr_carea' id='block_1_11' title="bbox 0 0 1212 3337">
    <p class='ocr_par' dir='ltr' id='par_1_11' title="bbox 0 0 1212 3337">
     <span class='ocr_line' id='line_1_34' title="bbox 0 0 1212 3337; baseline 0 5"><span class='ocrx_word' id='word_1_261' title='bbox 0 0 1212 3337; x_wconf 95' lang='lat' dir='ltr'> </span> 
     </span>
    </p>
   </div>
  </div>
 </body>
</html>
