2416 3337
202 221 247 265 246
485 234 631 267 srrornncmn
647 235 791 267 ossoamrsn.

201 383 254 426 rimi
265 388 318 427 sunt
330 398 358 426 ex
365 383 492 429 illustribus
503 385 595 430 insular.
607 390 630 429 et
639 384 764 428 Montanos,
786 384 870 427 Scotiae
877 375 969 427 familiis
980 382 1075 435 oriundi,

202 454 265 496 Deus
280 455 351 498 totius
362 453 519 499 consolationis
537 456 642 512 dignatus
658 461 692 500 est
709 471 748 513 per
758 471 839 508 meam,
851 455 992 513 quantumvis
1009 454 1076 499 vilem

202 538 293 581 operam
303 525 331 568 ad
341 526 409 569 fidem
424 526 487 570 Gath.
501 530 632 579 convertere,
645 541 700 584 quos
710 541 794 578 omnes,
806 532 857 583 post
867 531 1006 584 peccatorum
1016 540 1075 571 suor.

202 597 372 648 confessionem,
383 597 403 640 S.
413 599 567 641 communione
577 599 601 641 in
610 598 705 642 hccnro.
715 602 825 641 conventu
831 598 858 641 de
865 598 1003 654 Bunmargio
1010 599 1076 642 refec-

201 670 238 709 tos
245 666 323 709 Rmus.
330 666 359 708 D.
367 667 455 710 Dunen.
464 671 486 710 et
494 668 602 710 Oonoren.
610 668 712 711 Antistes
722 671 800 723 postea
808 672 883 710 sancto
895 668 1076 711 Confirmationis

202 736 343 779 Sacramenta
354 737 470 779 roboravit.
497 737 580 780 Messis
591 737 681 793 quidem
691 737 769 789 multa,
780 736 820 780 sed
828 741 852 779 nt
863 737 1002 780 commodius
1012 738 1075 794 digni

201 806 319 848 mittantur
327 806 427 860 operarii,
437 806 618 862 operaepretium
629 811 697 850 estut
708 821 748 863 ego
760 808 931 864 quamprimum
941 807 1073 863 intelligam,

199 875 253 931 quid
272 876 298 918 dc
311 877 459 929 renovatione,
478 877 531 934 quid
547 878 615 922 etiarn
632 879 659 921 <ie
674 893 748 922 annua
762 879 888 935 provisione
908 879 989 922 sentiat
1005 878 1030 922 V.
1042 878 1068 920 R.

199 945 297 997 Dnatio„
309 960 377 1002 quam
387 946 449 991 Deus
461 948 487 990 0.
498 948 531 991 M.
543 947 581 990 diu
592 954 707 993 conservet
716 950 851 994 incolumen

244 1055 328 1100 Datum
339 1057 470 1115 Bunmargy
480 1059 504 1101 in
516 1058 625 1103 Hibernia
635 1059 676 1103 hac
688 1061 767 1105 ultima
784 1062 830 1104 Oct.
843 1061 908 1105 1639.

563 1154 651 1208 amaa,
666 1156 712 1207 bct,

352 1247 393 1290 Fa.
405 1247 528 1292 Prrmrrns
539 1248 660 1300 Hasnarr,
672 1247 787 1291 Missionis
800 1246 896 1290 Scoticac
908 1247 1041 1290 Praefectus.

602 1617 675 1660 Xon.

212 1763 308 1807 Laurus
319 1774 347 1804 or
358 1772 404 1804 nna
415 1760 564 1803 Aaonsrsnor
575 1771 602 1801 or
613 1758 680 1800 Turn
691 1770 718 1800 ro
734 1768 780 1799 rna
792 1757 908 1801 Granium
918 1758 1052 1803 Paornoroa

425 1844 452 1875 or
462 1831 573 1882 Innnrrn,
590 1842 614 1874 rr
626 1829 763 1878 Ducanaris,
776 1828 842 1872 1639.

196 1978 258 2021 Eum.
274 1989 300 2020 sc
315 1976 376 2019 Rus.
393 1977 453 2020 Dra.
470 1976 605 2019 Paorncron
621 1986 714 2024 nosrnn,

241 2066 319 2108 Patres
330 2064 421 2120 quasin
432 2063 531 2107 insulam
543 2062 618 2105 Sancti
629 2060 737 2117 Xtophori
756 2059 784 2103 ad
794 2060 935 2104 excolendam
946 2062 970 2105 in
982 2076 1007 2105 ea
1021 2063 1069 2106 vin-

195 2152 245 2181 eam
256 2137 309 2180 Dni.
321 2134 392 2192 (quod
403 2137 451 2180 sine
462 2136 537 2179 dolore
547 2150 592 2179 non
611 2134 738 2187 scribimus)
754 2134 777 2176 in
795 2134 854 2177 viam
870 2135 986 2179 universae
996 2136 1069 2179 carnis

194 2209 277 2261 ierunt,
289 2212 352 2251 tanta
363 2212 397 2252 est
406 2209 463 2252 aeris
474 2207 625 2264 intemperies,
634 2210 656 2249 et
663 2206 786 2249 incolarum
794 2205 869 2249 feritas
878 2207 937 2262 quod
948 2207 1069 2250 accedenti-

194 2278 237 2322 bus
251 2279 383 2335 alienigenis
394 2292 454 2323 mors
470 2282 569 2321 versatur
583 2278 606 2321 in
621 2277 715 2320 limine:
732 2290 809 2320 verum
824 2276 865 2319 hoc
881 2291 926 2321 non
937 2282 1005 2321 terret
1015 2292 1069 2335 quc-

196 2351 272 2392 minus
283 2350 338 2393 alios
348 2364 373 2393 eo
384 2351 489 2393 mandare
501 2351 565 2393 nobis
584 2350 658 2392 animo
677 2350 707 2393 sit
723 2352 745 2391 et
761 2349 897 2404 quantocius,
914 2349 1069 2392 Eminentiam

195 2420 261 2463 Vam.
273 2435 298 2463 ae
307 2420 395 2463 Sacram
404 2421 430 2463 de
440 2422 505 2477 Prop.
513 2421 563 2464 Fici.
573 2421 695 2477 Gongnem.
705 2419 785 2463 obnixe
793 2423 897 2475 rogantes
905 2424 930 2462 ut
941 2423 1003 2462 tanto
1011 2421 1068 2463 bono

195 2491 310 2535 consulere
321 2505 367 2533 non
386 2491 536 2548 dedignemini
554 2497 575 2536 et
593 2493 699 2536 euntibus
717 2492 741 2533 in
758 2490 820 2533 iilam
831 2491 962 2533 missionem
978 2494 1025 2533 tam
1041 2490 1068 2534 de

195 2562 362 2606 sustentatione
373 2576 468 2617 congrua
478 2577 545 2618 quam
555 2562 698 2606 facultatibus
713 2560 844 2604 necessariis
855 2560 986 2616 tempestive
996 2562 1068 2617 provi·

194 2634 245 2677 dere
255 2634 346 2677 curetis.
379 2633 473 2676 Interim
484 2637 506 2675 et
516 2635 540 2676 in
550 2639 684 2691 perpetuum
700 2635 779 2675 cuncta
794 2645 898 2687 prospera
908 2631 988 2675 Emae.
999 2632 1063 2676 Vuae.

194 2705 326 2762 precabitur.

528 2775 677 2818 Humillimus
689 2774 777 2826 Servus,

625 2879 765 2931 Mamonms,
782 2876 910 2935 Archiepus
928 2878 1034 2922 Tuamen.

222 2978 287 3029 Emo.
297 3000 322 3028 ac
331 2980 395 3029 Rmo.
406 2985 435 3028 D.
447 2985 554 3037 Antonio7
567 2981 633 3027 Oard.
645 2983 768 3038 Barberini,

283 3068 405 3112 Protectori
416 3045 492 3113 nostro
505 3066 674 3111 Colendissimo.
