2416 3337
200 192 244 235 240
482 204 626 235 srrcrnaarmu
642 204 785 236 ossoruausrr.

200 357 323 412 extirpatis,
335 371 432 412 eorumq.
443 356 507 400 bonis
518 357 644 400 confiscatis
655 357 708 401 acleo
719 362 744 400 ut
760 358 785 401 in
795 360 841 401 tota
851 357 896 400 iere
913 356 1009 400 dioecesi
1026 371 1071 399 non

200 427 230 468 sit
240 427 288 470 ulla
299 427 385 481 domus,
397 428 421 471 in
433 442 476 484 qua
491 432 537 471 tres
553 428 600 472 dies
616 428 725 484 hospitari
740 428 817 485 possit,
835 428 880 473 nisi
894 427 1003 484 impensis
1016 427 1070 478 suis,

199 514 256 555 quae
267 500 329 543 nulla
340 501 364 547 ei,
372 501 543 557 suppeditantur
554 501 580 544 cle
591 500 700 558 reditibus
710 500 832 543 Ecclesiae.

245 570 278 612 H⁵
294 571 353 628 quod
364 571 391 614 ob
402 572 503 614 miserias
515 575 537 613 et
545 570 680 613 calamitates
689 570 802 621 dioecesis,
815 571 897 616 alienas
908 575 929 614 et
938 571 1071 627 longinquas

200 642 310 686 dioeceses
321 643 420 685 habitare
431 645 529 697 cogatur,
541 641 598 698 quod
608 642 678 684 aetati
685 643 733 697 ejus
745 641 866 697 decrepitae
877 646 923 685 tam
934 642 1022 686 difficile
1030 645 1070 693 est,

199 726 266 768 quam
278 713 382 767 dignitati
394 712 518 767 indignum.

243 782 289 823 HIa
305 782 364 836 quod
380 781 448 823 Sedes
464 780 571 823 Berensis
586 780 699 836 proposita
716 781 744 823 10
761 784 849 824 tanturn
863 781 989 825 nilliaribus
1004 782 1071 825 distet

197 868 209 895 a
225 853 340 907 Rapoten„
353 866 377 894 ac
394 851 486 907 proinde
501 851 573 907 possit
588 865 640 894 cum
656 851 770 895 commodo
786 852 950 896 Gathelicorurn
966 852 1070 896 habitans

195 923 218 964 in
246 922 348 974 Derensi,
371 923 519 978 Rapotensem
547 921 625 964 Sedem
651 922 785 975 ministrare,
808 937 902 979 quousq.
932 923 1069 979 Episcopum

196 994 238 1036 sibi
255 991 372 1050 proprium
390 998 514 1038 sustentare
535 994 613 1049 possit,
636 995 747 1037 restitutis
768 1009 807 1051 per
828 995 871 1037 Dei
890 995 984 1051 gratiam
1005 995 1068 1038 bouis

195 1066 316 1108 Ecclesiae.

241 1135 283 1177 ΙΨ
299 1135 358 1191 quod
369 1136 428 1178 (licta
437 1135 505 1179 sedes
513 1136 620 1192 Rapoten.
630 1136 661 1178 ita
670 1150 750 1179 oceano
763 1137 834 1178 cincta
845 1137 881 1188 sit,
894 1140 919 1178 ut
928 1150 954 1177 ex
961 1150 987 1178 ea
995 1136 1067 1178 exitus

196 1211 235 1250 aut
244 1207 317 1250 aditus
326 1221 371 1250 non
375 1211 449 1263 pateat
453 1207 540 1263 nisiper
545 1208 665 1250 dioecesem
669 1199 749 1249 Deren,
756 1207 829 1249 contin
833 1210 907 1248 entem
915 1207 966 1262 ipsi,
972 1220 996 1248 ac
1004 1220 1067 1262 prop-

196 1283 255 1320 terca
265 1278 327 1320 nulla
334 1278 377 1320 alia
385 1277 491 1320 dioecesis
503 1281 541 1319 aut
549 1290 599 1332 pars
609 1275 716 1319 dioecesis
725 1276 771 1318 dari
778 1277 850 1332 possit
860 1275 888 1319 ad
897 1276 1067 1319 sustentandum

195 1348 330 1399 Praelatum,
343 1348 388 1390 nisi
397 1347 443 1389 sola
453 1347 568 1390 Derensis.

239 1419 267 1461 lla
283 1419 340 1474 quocl
355 1419 378 1460 in
396 1418 508 1473 proposita
526 1418 581 1460 Serio
599 1418 768 1475 Deren.plures
788 1419 834 1462 sint
852 1417 937 1462 nobiles
957 1418 1066 1462 Catholici

194 1489 290 1531 Hiberni
300 1488 369 1531 simul
379 1491 401 1531 et
409 1488 470 1530 Secti
477 1488 607 1531 amicissimi
614 1488 673 1530 dicto
681 1489 790 1540 Praelata,
800 1492 821 1530 et
829 1488 958 1545 praesertim
969 1488 1067 1532 familiae

193 1559 341 1602 Hamoltonae
352 1562 446 1615 quatuor
465 1558 535 1601 Illmi.
556 1559 670 1610 Catholici,
688 1560 726 1615 qui
745 1559 788 1600 clm·
801 1559 928 1601 Praelatum
937 1573 984 1601 non
995 1560 1066 1603 solum

192 1630 358 1685 promptissime
378 1629 542 1679 sustentabunt,
560 1629 617 1671 siout
634 1632 699 1670 antea
715 1630 822 1680 iecerunt,
840 1629 926 1684 quando
936 1629 960 1670 iu
973 1628 1066 1673 dioecesi

194 1704 241 1757 ejus
252 1701 387 1752 habitarant,
400 1700 438 1741 sed
449 1700 540 1754 insuper
550 1713 588 1754 pro
608 1699 746 1750 auctoritate,
765 1713 831 1754 quam
847 1698 930 1741 liabent
945 1700 1065 1743 maximam

193 1772 218 1812 in
234 1774 282 1813 toto
294 1784 370 1824 regno,
391 1768 486 1810 eundern
503 1768 633 1820 tuebuntur,
646 1772 674 1820 'et
693 1769 720 1811 ab
740 1770 853 1824 impietate
870 1769 998 1811 haereticor.
1017 1784 1064 1825 par-

194 1843 236 1883 tim
256 1841 298 1883 sibi
320 1840 460 1884 subditorum
481 1843 604 1895 protegent.
644 1839 728 1882 Neutra
746 1844 822 1882 autem
839 1839 919 1883 horum
937 1840 1024 1883 habitat
1041 1842 1064 1883 in

125 1951 127 1954 .
193 1912 321 1968 Rapotensi.

240 1983 281 2025 VIa
296 1982 442 2037 quodmerita
450 1979 471 2023 di
480 1980 586 2037 Episcopi
595 1981 636 2022 hoc
648 1981 744 2037 exigant.
758 1982 799 2024 Tot
810 1981 869 2024 enim
885 1982 1028 2034 calamitates,
1041 1989 1063 2027 et

192 2054 340 2110 oppositiones
346 2067 385 2108 pro
397 2052 479 2094 tuenda
489 2052 533 2094 fide
544 2052 650 2095 hactenus
662 2054 807 2109 supportavit,
822 2054 880 2096 utin
896 2057 943 2096 tota
954 2053 1063 2097 Hibernia

190 2125 335 2167 manifestum
342 2123 372 2166 sit
381 2137 431 2165 euru
438 2124 531 2166 unicum
543 2137 597 2176 esse,
605 2125 629 2166 in
638 2137 704 2181 quern
712 2125 845 2167 terminetur
853 2125 925 2167 omnis
932 2124 1061 2168 haereticor.

190 2195 304 2245 acerbitas,
317 2198 338 2236 et
359 2194 490 2250 persecutio,
513 2195 572 2250 quoti
592 2195 707 2237 confirmat
726 2195 829 2251 frequens
841 2195 868 2238 <ie
889 2210 914 2238 eo
930 2196 989 2251 apud
1010 2196 1061 2240 Pro·

190 2266 274 2321 Regem
285 2266 399 2315 accusatio,
411 2269 433 2307 et
448 2266 597 2317 incar-ceratio,
615 2266 638 2309 in
660 2281 703 2322 qua
724 2266 826 2310 ultimam
848 2267 951 2323 supplicii
973 2270 1061 2311 senten-

190 2338 245 2379 tiam
257 2336 384 2391 expectavit.

237 2406 290 2447 VH³
305 2406 364 2460 quod
378 2407 401 2447 in
416 2405 527 2449 similibus
538 2407 709 2461 persecutionib.
721 2411 808 2463 praeter
823 2408 984 2463 patrimonium
996 2422 1061 2451 sumn

191 2478 213 2516 et
224 2473 326 2523 familiae,
338 2478 383 2516 tres
392 2478 414 2516 et
425 2489 477 2517 suos
494 2476 579 2528 fratres,
599 2477 696 2521 Abbates
716 2478 883 2529 Cisterciences‚
895 2482 941 2519 tam
953 2477 1058 2530 doctrina,

191 2560 258 2602 quam
267 2545 350 2600 pietate
362 2545 543 2602 clarosamiserit‚
556 2562 650 2603 quorum
660 2549 746 2604 primus
758 2548 838 2591 celebri
845 2548 957 2603 martyrio,
970 2548 1009 2590 alii
1017 2548 1059 2592 duo

189 2620 295 2674 perpetuo
307 2632 334 2660 ex
344 2617 453 2661 Hibernia
464 2618 529 2661 exilio
540 2619 640 2662 mulctati
652 2623 712 2662 sunt.
