2416 3337
429 170 573 203 serornnenru
590 170 736 202 osscnmnsn.
990 160 1018 204 79

146 319 208 361 illam
223 316 297 373 paullo
312 315 404 358 liberius
414 327 480 369 quarn
494 317 559 354 antea
573 313 614 356 hac
631 318 701 356 aetate
717 314 788 369 coepit
804 317 903 364 tractare,
916 318 938 355 et
954 315 995 357 sibi
1006 331 1019 358 a

148 389 218 430 Sectis
224 390 334 436 metuens,
341 389 434 427 oratores
443 397 506 438 soepe
513 383 536 425 in
543 382 637 426 Scotiam
646 384 707 426 misit
713 384 764 426 illos
771 382 889 425 exhortans
896 388 922 425 ut
929 383 1017 427 solitam

146 471 222 512 paoem
230 459 252 498 et
260 455 381 515 amicitiam
392 459 519 497 conservent
530 467 602 510 neque
610 458 709 496 exterum
718 454 814 496 militem
822 454 846 495 in
853 467 905 496 suos
912 454 1019 510 recipiant

146 527 210 568 fines.
735 520 736 523 ’

191 596 248 639 Cum
258 596 333 652 itaque
343 595 447 651 principis
459 594 543 638 Scotice
555 595 643 637 animus
653 598 713 638 totus
725 594 851 651 areligicne
862 594 942 636 Matris
954 594 1019 645 Suae,

145 667 258 710 voluntate
269 667 397 724 clepencleat,
409 680 459 724 spes
470 670 503 709 est
514 667 611 710 maxima
621 667 667 709 iore
677 670 703 709 ut
712 666 799 722 Regius
806 665 906 709 libertate
916 665 1018 717 donetur,

146 738 258 781 Catholica
268 739 345 796 religio
361 740 384 781 in
396 739 468 782 Scotia
478 738 609 781 restituatur
620 742 642 780 et
657 737 768 794 principes
783 736 811 779 acl
822 751 869 779 ecm
885 736 1018 792 amplecten-

79 842 82 847 .
146 809 197 852 <lam
205 809 282 852 indies
291 813 468 862 commoveantur
478 812 499 851 et
510 809 637 861 incitentur,
648 808 705 866 quod
713 809 737 851 in
744 809 786 850 Dei
794 809 894 865 gloriam,
905 821 1018 850 summum

145 880 278 934 reipublicae
287 880 419 922 christianae
429 879 511 922 bonum
522 884 544 922 et
555 893 694 922 communem
704 879 817 922 Ecclesiae
828 879 956 928 utilitatem,
967 877 1015 920 Deo

148 949 196 1004 pios
212 949 337 1004 principum
355 954 446 991 conatus
459 945 589 1004 juvantes
603 954 744 1004 promovente
760 953 853 1000 vertens,
866 953 887 991 et
898 953 923 991 ut
939 949 981 991 lroc
992 952 1018 990 ut

145 1019 241 1061 maxime
250 1019 405 1061 turbatissimo
415 1022 512 1075 tempore
520 1018 591 1074 possit
600 1019 692 1070 evenire,
700 1019 773 1060 Deum
782 1023 827 1073 opt.
836 1019 895 1060 Max.
905 1019 1016 1073 deprecor.

146 1089 210 1140 Quod
219 1104 268 1132 vero
280 1089 308 1131 acl
318 1083 418 1142 titulum,
426 1091 473 1145 jus,
484 1092 506 1132 et
522 1089 685 1131 successionem
695 1087 789 1143 Angliae
805 1088 900 1143 pertinet
911 1087 1016 1143 quoniam

144 1159 185 1202 hoc
195 1163 294 1215 tempore
304 1159 362 1202 nihil
377 1164 475 1203 tentatur
486 1160 544 1216 quod
559 1162 698 1215 praesentem
709 1158 807 1213 Reginae
818 1162 901 1201 statum
913 1157 1016 1209 offendat,

146 1230 165 1272 si
182 1229 334 1273 Sacratissima
351 1231 382 1273 ar.
403 1231 429 1273 V.
441 1231 514 1285 cupiat
530 1230 639 1286 originem
656 1233 720 1285 atque
736 1242 878 1285 progressum
893 1227 1018 1283 intelligere
1057 1279 1059 1285 ,

146 1302 220 1342 omnia
236 1301 322 1343 abunde
338 1315 362 1343 ac
378 1315 418 1344 suo
434 1300 509 1343 ordine
526 1314 629 1356 expressa
644 1300 738 1355 reperiet
753 1300 859 1355 inpriore
874 1303 936 1354 parte
947 1298 1017 1341 libelli

144 1384 210 1425 quem
219 1370 302 1412 anobis
310 1371 346 1412 nis
355 1370 431 1413 [liebus
439 1369 461 1412 S.
471 1370 502 1412 Μ.
509 1370 535 1411 V.
545 1370 572 1412 de
579 1370 594 1412 J
595 1384 633 1412 ure
641 1384 665 1412 ac
673 1370 738 1412 titulo
749 1370 907 1413 Serenissimae
915 1369 1014 1424 Reginae

145 1440 229 1482 Scotiae
240 1441 267 1482 ad
285 1440 357 1495 Regni
375 1441 536 1483 successionem
546 1440 639 1496 Angliae
652 1455 758 1483 unacum
777 1440 916 1497 genealogiae
931 1440 1014 1483 tabulis

144 1514 178 1552 est
194 1509 314 1561 exhibitus,
325 1510 357 1551 ita
367 1514 393 1552 ut
408 1510 483 1552 nullus
499 1511 526 1552 de
537 1501 621 1553 caetero
633 1511 663 1553 sit
679 1511 823 1554 dubitationis
838 1511 898 1553 locus
915 1512 1013 1562 relictus,
1061 1499 1064 1505 ⁴

144 1580 198 1635 quin
212 1580 254 1634 ipsi
266 1579 351 1622 Sectiae
361 1580 465 1636 Reginae,
479 1580 611 1622 Eliaabetha
621 1580 700 1623 saltem
711 1580 836 1632 decedente,
847 1581 910 1635 regni
920 1580 1014 1637 Angliae

144 1650 252 1692 successio
263 1650 325 1692 omni
336 1649 439 1693 debeatur
447 1651 504 1706 jure,
516 1664 569 1693 nam
581 1650 629 1693 Sao.
640 1650 674 1692 M.
686 1650 712 1692 V.
724 1654 838 1706 tamqnam
848 1651 946 1706 primarii
957 1652 1015 1694 orbis

143 1720 220 1762 Xtiani
227 1721 338 1776 Principis
346 1721 438 1763 interest
445 1722 530 1776 justam
539 1736 563 1764 ac
573 1718 698 1777 legitimam
707 1721 844 1777 singularum
853 1736 926 1764 rerum
935 1723 1015 1765 seriem

143 1795 165 1833 et
183 1791 344 1834 successionem
360 1791 493 1848 dignoscere,
504 1793 634 1847 praesertim
650 1792 801 1834 florentissimi
816 1792 879 1848 regni
889 1791 983 1848 Angliae
994 1796 1016 1835 et

143 1875 219 1904 eorum
229 1862 304 1904 onmia
312 1862 365 1917 jura
376 1863 414 1917 qui
425 1863 491 1904 etiam
499 1862 540 1905 hoc
549 1867 624 1905 nostro
635 1864 731 1905 maximo
742 1866 847 1919 tempore⁷
856 1864 943 1919 egregio
954 1863 1015 1906 illius

142 1931 205 1987 regni
227 1935 343 1974 stemmate
360 1936 413 1975 sunt
427 1934 517 1988 profecti
533 1948 588 1989 quos
606 1935 664 1976 inter
675 1938 696 1976 et
714 1934 745 1976 ll.
758 1934 785 1976 V.
796 1949 835 1990 per·
851 1948 902 1977 suos
920 1938 1014 1993 majores

142 2001 207 2058 longa
218 2002 329 2045 (lescenslit
341 2003 403 2056 serie,
416 2017 481 2059 quam
492 2003 554 2046 Deus
565 2008 610 2060 opt,
619 2004 680 2046 trax.
691 2003 728 2046 dtu
739 2004 803 2046 nobis
815 2005 949 2049 incolumem
960 2021 1010 2050 con-

135 2077 221 2125 servet.
628 2106 630 2108 -

186 2141 272 2182 Interea
283 2155 334 2183 cum
348 2142 466 2186 Rossensis
476 2144 556 2185 lrabeat
572 2144 595 2184 in
607 2142 716 2185 mandatis
726 2157 739 2184 a
750 2144 870 2188 Sanctitate
887 2146 932 2188 Sua
943 2161 1010 2203 quam

141 2211 238 2266 primum
248 2211 271 2252 in
280 2210 383 2262 Galliam,
393 2217 442 2267 post
451 2226 502 2255 vero
512 2214 536 2254 in
549 2212 644 2255 Scotiam
655 2213 712 2254 itum
723 2213 751 2254 iri
760 2214 780 2256 si
788 2214 835 2256 fieri
843 2221 918 2270 posset
928 2216 969 2260 hoc
978 2218 1012 2260 vel

142 2282 237 2324 maxime
247 2285 346 2337 tempore
356 2287 443 2338 propter
450 2297 495 2325 non
506 2298 595 2339 parvam
604 2297 675 2339 neque
685 2284 770 2327 leuibus
781 2285 887 2329 decausis
897 2287 1010 2344 religionis
1071 2275 1073 2281 Ι

142 2352 223 2395 ibidem
233 2352 383 2395 restituendae
399 2368 460 2410 spem
471 2358 605 2411 conceptam,
618 2353 727 2410 supplicat
736 2354 854 2398 humiliter
863 2357 896 2399 Μ.
907 2358 935 2401 V.
948 2358 973 2401 O.
985 2363 1011 2402 ut

142 2423 194 2466 huic
204 2427 251 2465 tam
260 2423 309 2479 piae
317 2437 341 2466 ac
349 2425 423 2479 justae
433 2425 618 2467 monasteriorum
628 2425 652 2466 in
662 2424 782 2468 Germania
789 2441 829 2482 pro
841 2427 910 2470 Sectis
922 2430 1011 2472 restitu-

96 2505 98 2507 ·
142 2495 198 2537 tioni
205 2508 267 2536 suam
274 2495 427 2537 auctoritatem
435 2510 472 2552 per
479 2496 564 2538 litteras
572 2499 674 2551 patentes
681 2510 732 2540 suas
740 2497 866 2553 interponat
875 2503 896 2541 et
903 2500 1013 2543 exhibitae

140 2566 187 2620 jam
198 2565 352 2620 supplicationi
359 2580 398 2621 pro
407 2580 484 2609 causae
493 2567 602 2623 aequitate
610 2567 728 2622 provideat.
756 2568 798 2611 Pro
807 2583 850 2625 qua
859 2570 877 2612 si
886 2569 1012 2613 ulteriorem

142 2636 319 2680 informationem
327 2636 407 2680 habere
416 2640 495 2694 cupiat,
505 2639 623 2695 negocium
631 2640 672 2682 uni
681 2654 707 2682 ex
714 2640 760 2683 suis
769 2641 899 2684 consiliariis
907 2642 1012 2697 dignetur

142 2707 285 2757 committere,
303 2721 370 2763 quem
386 2708 502 2752 Rossensis
517 2710 582 2765 plene
597 2710 693 2753 instruet
709 2724 804 2766 suaeque
820 2712 915 2754 nationis
928 2713 979 2767 jure
989 2717 1012 2755 et

142 2777 256 2833 priuilegia
267 2777 393 2823 exhibebit:
412 2781 442 2823 sic
452 2781 490 2823 fiet
501 2784 558 2824 utet
569 2781 601 2823 M.
614 2781 640 2823 V.
652 2781 784 2823 instructam
799 2782 858 2837 piam
870 2780 1011 2825 fundatorum

142 2846 278 2890 voluntatem
288 2863 327 2904 pro
336 2863 375 2892 sua
386 2852 514 2894 auctoritate
525 2853 635 2896 sustineat
646 2855 668 2894 et
680 2852 750 2895 Sectis
758 2854 796 2909 jus
806 2853 852 2895 illis
861 2867 872 2894 a
882 2855 943 2894 tanto
954 2856 1011 2895 tem-

142 2928 194 2969 pore
205 2919 330 2972 quaesitum
341 2925 486 2965 conservetur.
