<?xml version="1.0" encoding="UTF-8"?>
<!DOCTYPE html PUBLIC "-//W3C//DTD XHTML 1.0 Transitional//EN"
    "http://www.w3.org/TR/xhtml1/DTD/xhtml1-transitional.dtd">
<html xmlns="http://www.w3.org/1999/xhtml" xml:lang="en" lang="en">
 <head>
  <title>
</title>
<meta http-equiv="Content-Type" content="text/html;charset=utf-8" />
  <meta name='ocr-system' content='tesseract 3.04.00' />
  <meta name='ocr-capabilities' content='ocr_page ocr_carea ocr_par ocr_line ocrx_word'/>
</head>
<body>
  <div class='ocr_page' id='page_1' title='image "MN5019ucmf_0_0096.png"; bbox 0 0 2416 3337; ppageno 0'>
   <div class='ocr_carea' id='block_1_1' title="bbox 384 165 974 210">
    <p class='ocr_par' dir='ltr' id='par_1_1' title="bbox 384 165 974 210">
     <span class='ocr_line' id='line_1_1' title="bbox 384 165 974 210; baseline -0.005 0"><span class='ocrx_word' id='word_1_1' title='bbox 384 179 529 210; x_wconf 79' lang='lat' dir='ltr'>srrcrnnerun</span> <span class='ocrx_word' id='word_1_2' title='bbox 546 179 687 208; x_wconf 82' lang='lat' dir='ltr'>cssenmusn.</span> <span class='ocrx_word' id='word_1_3' title='bbox 947 165 974 207; x_wconf 77' lang='lat'>65</span> 
     </span>
    </p>
   </div>
   <div class='ocr_carea' id='block_1_2' title="bbox 46 323 1002 2998">
    <p class='ocr_par' dir='ltr' id='par_1_2' title="bbox 46 323 1002 2998">
     <span class='ocr_line' id='line_1_2' title="bbox 104 323 977 380; baseline -0.007 -11"><span class='ocrx_word' id='word_1_4' title='bbox 104 342 147 371; x_wconf 88' lang='lat' dir='ltr'>non</span> <span class='ocrx_word' id='word_1_5' title='bbox 159 329 252 371; x_wconf 83' lang='lat' dir='ltr'>certent</span> <span class='ocrx_word' id='word_1_6' title='bbox 269 325 382 367; x_wconf 84' lang='lat' dir='ltr'>ecclesiam</span> <span class='ocrx_word' id='word_1_7' title='bbox 399 324 553 366; x_wconf 65' lang='lat' dir='ltr'>defraudarem</span> <span class='ocrx_word' id='word_1_8' title='bbox 570 336 609 366; x_wconf 88' lang='lat' dir='ltr'>sno</span> <span class='ocrx_word' id='word_1_9' title='bbox 623 325 672 380; x_wconf 76' lang='lat' dir='ltr'>jure</span> <span class='ocrx_word' id='word_1_10' title='bbox 688 324 730 367; x_wconf 85' lang='lat' dir='ltr'>hcc</span> <span class='ocrx_word' id='word_1_11' title='bbox 746 323 863 367; x_wconf 89' lang='lat' dir='ltr'>consilium</span> <span class='ocrx_word' id='word_1_12' title='bbox 879 323 977 364; x_wconf 83' lang='lat' dir='ltr'>inierunt</span> 
     </span>
     <span class='ocr_line' id='line_1_3' title="bbox 103 393 977 451; baseline -0.007 -12"><span class='ocrx_word' id='word_1_13' title='bbox 103 398 206 448; x_wconf 80' lang='lat' dir='ltr'>Hiberni,</span> <span class='ocrx_word' id='word_1_14' title='bbox 219 396 258 438; x_wconf 86' lang='lat' dir='ltr'>sed</span> <span class='ocrx_word' id='word_1_15' title='bbox 273 399 298 438; x_wconf 88' lang='lat' dir='ltr'>nt</span> <span class='ocrx_word' id='word_1_16' title='bbox 313 396 386 450; x_wconf 87' lang='lat' dir='ltr'>potius</span> <span class='ocrx_word' id='word_1_17' title='bbox 403 409 415 437; x_wconf 89' lang='lat' dir='ltr'>a</span> <span class='ocrx_word' id='word_1_18' title='bbox 433 393 557 450; x_wconf 68' lang='lat' dir='ltr'>Tyrannide</span> <span class='ocrx_word' id='word_1_19' title='bbox 573 393 697 449; x_wconf 74' lang='lat' dir='ltr'>Anglornm</span> <span class='ocrx_word' id='word_1_20' title='bbox 711 397 808 451; x_wconf 73' lang='lat' dir='ltr'>J&#39;ngcqne</span> <span class='ocrx_word' id='word_1_21' title='bbox 823 393 913 435; x_wconf 86' lang='lat' dir='ltr'>illorum</span> <span class='ocrx_word' id='word_1_22' title='bbox 929 405 977 447; x_wconf 77' lang='lat' dir='ltr'>gra-</span> 
     </span>
     <span class='ocr_line' id='line_1_4' title="bbox 103 463 977 523; baseline -0.009 -12"><span class='ocrx_word' id='word_1_23' title='bbox 103 469 193 513; x_wconf 84' lang='lat' dir='ltr'>vissimo</span> <span class='ocrx_word' id='word_1_24' title='bbox 211 466 266 509; x_wconf 89' lang='lat' dir='ltr'>colla</span> <span class='ocrx_word' id='word_1_25' title='bbox 283 467 397 523; x_wconf 89' lang='lat' dir='ltr'>eriperent.</span> <span class='ocrx_word' id='word_1_26' title='bbox 422 465 458 508; x_wconf 83' lang='lat' dir='ltr'>An</span> <span class='ocrx_word' id='word_1_27' title='bbox 477 480 521 508; x_wconf 87' lang='lat' dir='ltr'>non</span> <span class='ocrx_word' id='word_1_28' title='bbox 538 466 605 507; x_wconf 84' lang='lat' dir='ltr'>etiam</span> <span class='ocrx_word' id='word_1_29' title='bbox 622 468 643 507; x_wconf 89' lang='lat' dir='ltr'>et</span> <span class='ocrx_word' id='word_1_30' title='bbox 653 465 734 522; x_wconf 76' lang='lat' dir='ltr'>Anglia</span> <span class='ocrx_word' id='word_1_31' title='bbox 749 467 797 521; x_wconf 88' lang='lat' dir='ltr'>ipsa</span> <span class='ocrx_word' id='word_1_32' title='bbox 809 463 836 507; x_wconf 87' lang='lat' dir='ltr'>ad</span> <span class='ocrx_word' id='word_1_33' title='bbox 851 463 977 505; x_wconf 70' lang='lat' dir='ltr'>Ecclesiam</span> 
     </span>
     <span class='ocr_line' id='line_1_5' title="bbox 103 534 979 594; baseline -0.008 -13"><span class='ocrx_word' id='word_1_34' title='bbox 103 540 193 582; x_wconf 85' lang='lat' dir='ltr'>nomine</span> <span class='ocrx_word' id='word_1_35' title='bbox 219 538 279 581; x_wconf 81' lang='lat' dir='ltr'>feudi</span> <span class='ocrx_word' id='word_1_36' title='bbox 302 539 416 594; x_wconf 73' lang='lat' dir='ltr'>pertinet?</span> <span class='ocrx_word' id='word_1_37' title='bbox 455 537 623 580; x_wconf 83' lang='lat' dir='ltr'>Nihilominuus</span> <span class='ocrx_word' id='word_1_38' title='bbox 639 540 721 580; x_wconf 85' lang='lat' dir='ltr'>&#39;tamen</span> <span class='ocrx_word' id='word_1_39' title='bbox 737 537 808 593; x_wconf 87' lang='lat' dir='ltr'>ipsius</span> <span class='ocrx_word' id='word_1_40' title='bbox 825 534 939 578; x_wconf 82' lang='lat' dir='ltr'>Pontificis</span> <span class='ocrx_word' id='word_1_41' title='bbox 957 537 979 575; x_wconf 91' lang='lat' dir='ltr'>et</span> 
     </span>
     <span class='ocr_line' id='line_1_6' title="bbox 103 604 978 662; baseline -0.009 -10"><span class='ocrx_word' id='word_1_42' title='bbox 103 610 158 652; x_wconf 84' lang='lat' dir='ltr'>sacri</span> <span class='ocrx_word' id='word_1_43' title='bbox 176 609 263 651; x_wconf 87' lang='lat' dir='ltr'>concilii</span> <span class='ocrx_word' id='word_1_44' title='bbox 280 608 404 652; x_wconf 78' lang='lat' dir='ltr'>Tridentini</span> <span class='ocrx_word' id='word_1_45' title='bbox 420 608 520 659; x_wconf 81' lang='lat' dir='ltr'>decretis,</span> <span class='ocrx_word' id='word_1_46' title='bbox 538 608 672 662; x_wconf 86' lang='lat' dir='ltr'>permissum</span> <span class='ocrx_word' id='word_1_47' title='bbox 689 612 723 650; x_wconf 84' lang='lat' dir='ltr'>est</span> <span class='ocrx_word' id='word_1_48' title='bbox 739 608 862 661; x_wconf 84' lang='lat' dir='ltr'>cuicunque</span> <span class='ocrx_word' id='word_1_49' title='bbox 879 604 978 659; x_wconf 89' lang='lat' dir='ltr'>Principi</span> 
     </span>
     <span class='ocr_line' id='line_1_7' title="bbox 103 675 977 734; baseline -0.008 -12"><span class='ocrx_word' id='word_1_50' title='bbox 103 679 216 722; x_wconf 74' lang='lat' dir='ltr'>catholieo</span> <span class='ocrx_word' id='word_1_51' title='bbox 241 680 323 722; x_wconf 78' lang='lat' dir='ltr'>volenti</span> <span class='ocrx_word' id='word_1_52' title='bbox 349 693 437 722; x_wconf 86' lang='lat' dir='ltr'>omnem</span> <span class='ocrx_word' id='word_1_53' title='bbox 455 678 578 734; x_wconf 81' lang='lat' dir='ltr'>Anglorum</span> <span class='ocrx_word' id='word_1_54' title='bbox 603 677 711 720; x_wconf 87' lang='lat' dir='ltr'>ditionem</span> <span class='ocrx_word' id='word_1_55' title='bbox 726 678 747 721; x_wconf 83' lang='lat' dir='ltr'>vi</span> <span class='ocrx_word' id='word_1_56' title='bbox 763 680 785 721; x_wconf 92' lang='lat' dir='ltr'>et</span> <span class='ocrx_word' id='word_1_57' title='bbox 801 676 868 719; x_wconf 84' lang='lat' dir='ltr'>armis</span> <span class='ocrx_word' id='word_1_58' title='bbox 885 675 977 730; x_wconf 83' lang='lat' dir='ltr'>eripere.</span> 
     </span>
     <span class='ocr_line' id='line_1_8' title="bbox 102 745 974 807; baseline -0.007 -16"><span class='ocrx_word' id='word_1_59' title='bbox 102 750 208 793; x_wconf 86' lang='lat' dir='ltr'>Putabam</span> <span class='ocrx_word' id='word_1_60' title='bbox 219 765 259 807; x_wconf 80' lang='lat' dir='ltr'>ege</span> <span class='ocrx_word' id='word_1_61' title='bbox 271 764 356 807; x_wconf 88' lang='lat' dir='ltr'>semper</span> <span class='ocrx_word' id='word_1_62' title='bbox 368 764 480 793; x_wconf 87' lang='lat' dir='ltr'>summum</span> <span class='ocrx_word' id='word_1_63' title='bbox 491 748 624 791; x_wconf 83' lang='lat' dir='ltr'>Pontificem</span> <span class='ocrx_word' id='word_1_64' title='bbox 636 748 712 791; x_wconf 86' lang='lat' dir='ltr'>statim</span> <span class='ocrx_word' id='word_1_65' title='bbox 730 752 753 790; x_wconf 92' lang='lat' dir='ltr'>ut</span> <span class='ocrx_word' id='word_1_66' title='bbox 769 745 905 790; x_wconf 65' lang='lat' dir='ltr'>intellexerit</span> <span class='ocrx_word' id='word_1_67' title='bbox 915 745 974 799; x_wconf 81' lang='lat' dir='ltr'>lega-</span> 
     </span>
     <span class='ocr_line' id='line_1_9' title="bbox 103 814 977 875; baseline -0.007 -13"><span class='ocrx_word' id='word_1_68' title='bbox 103 821 186 863; x_wconf 89' lang='lat' dir='ltr'>tionem</span> <span class='ocrx_word' id='word_1_69' title='bbox 201 835 274 863; x_wconf 86' lang='lat' dir='ltr'>meam</span> <span class='ocrx_word' id='word_1_70' title='bbox 293 822 350 863; x_wconf 88' lang='lat' dir='ltr'>ultro</span> <span class='ocrx_word' id='word_1_71' title='bbox 371 820 455 875; x_wconf 74' lang='lat' dir='ltr'>Regem</span> <span class='ocrx_word' id='word_1_72' title='bbox 474 817 614 861; x_wconf 78' lang='lat' dir='ltr'>Catholicum</span> <span class='ocrx_word' id='word_1_73' title='bbox 630 816 665 861; x_wconf 46' lang='lat' dir='ltr'>&#39;lad</span> <span class='ocrx_word' id='word_1_74' title='bbox 685 833 733 860; x_wconf 86' lang='lat' dir='ltr'>rem</span> <span class='ocrx_word' id='word_1_75' title='bbox 759 822 806 860; x_wconf 88' lang='lat' dir='ltr'>tam</span> <span class='ocrx_word' id='word_1_76' title='bbox 824 818 884 873; x_wconf 88' lang='lat' dir='ltr'>piam</span> <span class='ocrx_word' id='word_1_77' title='bbox 907 814 977 858; x_wconf 85' lang='lat' dir='ltr'>susci-</span> 
     </span>
     <span class='ocr_line' id='line_1_10' title="bbox 101 887 974 945; baseline -0.005 -14"><span class='ocrx_word' id='word_1_78' title='bbox 101 890 204 945; x_wconf 85' lang='lat' dir='ltr'>piendam</span> <span class='ocrx_word' id='word_1_79' title='bbox 215 890 325 932; x_wconf 79' lang='lat' dir='ltr'>exhortari</span> <span class='ocrx_word' id='word_1_80' title='bbox 340 889 444 932; x_wconf 74' lang='lat' dir='ltr'>uoluisse.</span> <span class='ocrx_word' id='word_1_81' title='bbox 475 887 510 930; x_wconf 80' lang='lat' dir='ltr'>An</span> <span class='ocrx_word' id='word_1_82' title='bbox 526 888 617 930; x_wconf 88' lang='lat' dir='ltr'>tandem</span> <span class='ocrx_word' id='word_1_83' title='bbox 633 888 793 943; x_wconf 85' lang='lat' dir='ltr'>expectandum</span> <span class='ocrx_word' id='word_1_84' title='bbox 810 890 843 930; x_wconf 87' lang='lat' dir='ltr'>est</span> <span class='ocrx_word' id='word_1_85' title='bbox 858 899 974 943; x_wconf 76' lang='lat' dir='ltr'>quousque</span> 
     </span>
     <span class='ocr_line' id='line_1_11' title="bbox 104 958 976 1017; baseline -0.003 -16"><span class='ocrx_word' id='word_1_86' title='bbox 104 960 152 1002; x_wconf 60' lang='lat' dir='ltr'>HS.</span> <span class='ocrx_word' id='word_1_87' title='bbox 164 973 204 1003; x_wconf 89' lang='lat' dir='ltr'>nos</span> <span class='ocrx_word' id='word_1_88' title='bbox 215 960 242 1002; x_wconf 89' lang='lat' dir='ltr'>ab</span> <span class='ocrx_word' id='word_1_89' title='bbox 252 960 376 1017; x_wconf 75' lang='lat' dir='ltr'>Anglornm</span> <span class='ocrx_word' id='word_1_90' title='bbox 389 959 491 1001; x_wconf 88' lang='lat' dir='ltr'>manibus</span> <span class='ocrx_word' id='word_1_91' title='bbox 502 958 599 1001; x_wconf 76' lang='lat' dir='ltr'>liberet?</span> <span class='ocrx_word' id='word_1_92' title='bbox 630 959 665 1000; x_wconf 84' lang='lat' dir='ltr'>An</span> <span class='ocrx_word' id='word_1_93' title='bbox 677 963 702 1001; x_wconf 89' lang='lat' dir='ltr'>ut</span> <span class='ocrx_word' id='word_1_94' title='bbox 713 959 760 1002; x_wconf 82' lang='lat' dir='ltr'>Rex</span> <span class='ocrx_word' id='word_1_95' title='bbox 771 959 874 1002; x_wconf 79' lang='lat' dir='ltr'>Galliae?</span> <span class='ocrx_word' id='word_1_96' title='bbox 891 958 976 1014; x_wconf 76' lang='lat' dir='ltr'>quirin</span> 
     </span>
     <span class='ocr_line' id='line_1_12' title="bbox 102 1027 975 1086; baseline -0.006 -13"><span class='ocrx_word' id='word_1_97' title='bbox 102 1044 126 1073; x_wconf 89' lang='lat' dir='ltr'>se</span> <span class='ocrx_word' id='word_1_98' title='bbox 136 1032 209 1086; x_wconf 86' lang='lat' dir='ltr'>ipsum</span> <span class='ocrx_word' id='word_1_99' title='bbox 225 1031 283 1072; x_wconf 89' lang='lat' dir='ltr'>tueri</span> <span class='ocrx_word' id='word_1_100' title='bbox 298 1030 375 1086; x_wconf 79' lang='lat' dir='ltr'>possit.</span> <span class='ocrx_word' id='word_1_101' title='bbox 408 1029 463 1080; x_wconf 67' lang='lat' dir='ltr'>Quis</span> <span class='ocrx_word' id='word_1_102' title='bbox 478 1028 567 1070; x_wconf 82' lang='lat' dir='ltr'>obsecro</span> <span class='ocrx_word' id='word_1_103' title='bbox 587 1027 642 1069; x_wconf 87' lang='lat' dir='ltr'>alius</span> <span class='ocrx_word' id='word_1_104' title='bbox 661 1028 765 1083; x_wconf 74' lang='lat' dir='ltr'>Princeps</span> <span class='ocrx_word' id='word_1_105' title='bbox 784 1027 975 1070; x_wconf 74' lang='grc' dir='ltr'><strong>0111011111Ηὶ1-</strong></span> 
     </span>
     <span class='ocr_line' id='line_1_13' title="bbox 101 1096 976 1157; baseline -0.007 -14"><span class='ocrx_word' id='word_1_106' title='bbox 101 1115 157 1157; x_wconf 85' lang='lat' dir='ltr'>pano</span> <span class='ocrx_word' id='word_1_107' title='bbox 173 1101 302 1157; x_wconf 70' lang='lat' dir='ltr'>potentior?</span> <span class='ocrx_word' id='word_1_108' title='bbox 333 1099 386 1151; x_wconf 75' lang='lat' dir='ltr'>Quis</span> <span class='ocrx_word' id='word_1_109' title='bbox 402 1099 473 1153; x_wconf 78' lang='lat' dir='ltr'>magis</span> <span class='ocrx_word' id='word_1_110' title='bbox 491 1097 620 1139; x_wconf 75' lang='lat' dir='ltr'>Catholicus</span> <span class='ocrx_word' id='word_1_111' title='bbox 635 1096 668 1140; x_wconf 79' lang='lat' dir='ltr'>rel</span> <span class='ocrx_word' id='word_1_112' title='bbox 683 1098 755 1152; x_wconf 78' lang='lat' dir='ltr'>magis</span> <span class='ocrx_word' id='word_1_113' title='bbox 772 1099 824 1153; x_wconf 88' lang='lat' dir='ltr'>pius</span> <span class='ocrx_word' id='word_1_114' title='bbox 839 1097 874 1139; x_wconf 80' lang='lat' dir='ltr'>rel</span> <span class='ocrx_word' id='word_1_115' title='bbox 889 1110 976 1139; x_wconf 89' lang='lat' dir='ltr'>summo</span> 
     </span>
     <span class='ocr_line' id='line_1_14' title="bbox 101 1166 976 1227; baseline -0.005 -14"><span class='ocrx_word' id='word_1_116' title='bbox 101 1171 204 1213; x_wconf 87' lang='lat' dir='ltr'>Pontifici</span> <span class='ocrx_word' id='word_1_117' title='bbox 215 1172 287 1227; x_wconf 70' lang='lat' dir='ltr'>magis</span> <span class='ocrx_word' id='word_1_118' title='bbox 298 1171 408 1220; x_wconf 78' lang='lat' dir='ltr'>obediens,</span> <span class='ocrx_word' id='word_1_119' title='bbox 419 1172 456 1211; x_wconf 85' lang='lat' dir='ltr'>aut</span> <span class='ocrx_word' id='word_1_120' title='bbox 465 1169 499 1210; x_wconf 89' lang='lat' dir='ltr'>cui</span> <span class='ocrx_word' id='word_1_121' title='bbox 510 1169 580 1223; x_wconf 81' lang='lat' dir='ltr'>major</span> <span class='ocrx_word' id='word_1_122' title='bbox 591 1168 614 1209; x_wconf 90' lang='lat' dir='ltr'>in</span> <span class='ocrx_word' id='word_1_123' title='bbox 625 1166 661 1209; x_wconf 88' lang='lat' dir='ltr'>his</span> <span class='ocrx_word' id='word_1_124' title='bbox 669 1167 805 1223; x_wconf 76' lang='lat' dir='ltr'>temporibus</span> <span class='ocrx_word' id='word_1_125' title='bbox 813 1167 839 1210; x_wconf 87' lang='lat' dir='ltr'>ad</span> <span class='ocrx_word' id='word_1_126' title='bbox 847 1166 976 1222; x_wconf 77' lang='lat' dir='ltr'>lnp‘usmodi</span> 
     </span>
     <span class='ocr_line' id='line_1_15' title="bbox 101 1237 976 1296; baseline -0.003 -14"><span class='ocrx_word' id='word_1_127' title='bbox 101 1255 148 1284; x_wconf 85' lang='lat' dir='ltr'>rem</span> <span class='ocrx_word' id='word_1_128' title='bbox 159 1241 247 1284; x_wconf 79' lang='lat' dir='ltr'>offertur</span> <span class='ocrx_word' id='word_1_129' title='bbox 258 1240 430 1296; x_wconf 77' lang='lat' dir='ltr'>opportunitas?</span> <span class='ocrx_word' id='word_1_130' title='bbox 461 1239 560 1281; x_wconf 84' lang='lat' dir='ltr'>Proiecto</span> <span class='ocrx_word' id='word_1_131' title='bbox 572 1238 591 1280; x_wconf 89' lang='lat' dir='ltr'>si</span> <span class='ocrx_word' id='word_1_132' title='bbox 601 1237 710 1280; x_wconf 76' lang='lat' dir='ltr'>Hibernia</span> <span class='ocrx_word' id='word_1_133' title='bbox 726 1239 791 1281; x_wconf 85' lang='lat' dir='ltr'>sciret</span> <span class='ocrx_word' id='word_1_134' title='bbox 808 1238 855 1281; x_wconf 56' lang='lat' dir='ltr'>HS.</span> <span class='ocrx_word' id='word_1_135' title='bbox 875 1239 976 1294; x_wconf 84' lang='lat' dir='ltr'>potuisse</span> 
     </span>
     <span class='ocr_line' id='line_1_16' title="bbox 101 1308 976 1367; baseline -0.003 -13"><span class='ocrx_word' id='word_1_136' title='bbox 101 1313 172 1367; x_wconf 81' lang='lat' dir='ltr'>ipsam</span> <span class='ocrx_word' id='word_1_137' title='bbox 184 1313 210 1354; x_wconf 87' lang='lat' dir='ltr'>ab</span> <span class='ocrx_word' id='word_1_138' title='bbox 218 1311 342 1367; x_wconf 80' lang='lat' dir='ltr'>Anglorum</span> <span class='ocrx_word' id='word_1_139' title='bbox 353 1310 452 1352; x_wconf 74' lang='lat' dir='ltr'>laticibus</span> <span class='ocrx_word' id='word_1_140' title='bbox 461 1309 559 1359; x_wconf 83' lang='lat' dir='ltr'>liberare,</span> <span class='ocrx_word' id='word_1_141' title='bbox 573 1322 687 1364; x_wconf 85' lang='lat' dir='ltr'>nunquam</span> <span class='ocrx_word' id='word_1_142' title='bbox 698 1308 768 1351; x_wconf 83' lang='lat' dir='ltr'>alium</span> <span class='ocrx_word' id='word_1_143' title='bbox 784 1309 928 1366; x_wconf 74' lang='lat' dir='ltr'>quaesivisset</span> <span class='ocrx_word' id='word_1_144' title='bbox 939 1308 976 1351; x_wconf 90' lang='lat' dir='ltr'>do-</span> 
     </span>
     <span class='ocr_line' id='line_1_17' title="bbox 101 1378 974 1437; baseline -0.002 -14"><span class='ocrx_word' id='word_1_145' title='bbox 101 1383 188 1424; x_wconf 82' lang='lat' dir='ltr'>minum</span> <span class='ocrx_word' id='word_1_146' title='bbox 199 1395 265 1437; x_wconf 85' lang='lat' dir='ltr'>quam</span> <span class='ocrx_word' id='word_1_147' title='bbox 273 1382 346 1437; x_wconf 87' lang='lat' dir='ltr'>ipsum</span> <span class='ocrx_word' id='word_1_148' title='bbox 356 1394 468 1423; x_wconf 87' lang='lat' dir='ltr'>summum</span> <span class='ocrx_word' id='word_1_149' title='bbox 477 1378 617 1420; x_wconf 84' lang='lat' dir='ltr'>Pontificem·</span> <span class='ocrx_word' id='word_1_150' title='bbox 635 1378 666 1420; x_wconf 80' lang='lat' dir='ltr'>Et</span> <span class='ocrx_word' id='word_1_151' title='bbox 674 1379 724 1434; x_wconf 82' lang='lat' dir='ltr'>quis</span> <span class='ocrx_word' id='word_1_152' title='bbox 736 1393 816 1434; x_wconf 76' lang='lat' dir='ltr'>qrraeso</span> <span class='ocrx_word' id='word_1_153' title='bbox 825 1381 904 1436; x_wconf 83' lang='lat' dir='ltr'>estqui</span> <span class='ocrx_word' id='word_1_154' title='bbox 915 1380 974 1422; x_wconf 78' lang='lat' dir='ltr'>vinc-</span> 
     </span>
     <span class='ocr_line' id='line_1_18' title="bbox 101 1449 973 1509; baseline 0.002 -15"><span class='ocrx_word' id='word_1_155' title='bbox 101 1458 149 1495; x_wconf 88' lang='lat' dir='ltr'>tum</span> <span class='ocrx_word' id='word_1_156' title='bbox 160 1452 254 1506; x_wconf 77' lang='lat' dir='ltr'>aliquem</span> <span class='ocrx_word' id='word_1_157' title='bbox 265 1466 365 1493; x_wconf 85' lang='lat' dir='ltr'>accusare</span> <span class='ocrx_word' id='word_1_158' title='bbox 374 1453 423 1506; x_wconf 81' lang='lat' dir='ltr'>jure</span> <span class='ocrx_word' id='word_1_159' title='bbox 438 1451 518 1506; x_wconf 87' lang='lat' dir='ltr'>poterit</span> <span class='ocrx_word' id='word_1_160' title='bbox 530 1451 549 1492; x_wconf 85' lang='lat' dir='ltr'>si</span> <span class='ocrx_word' id='word_1_161' title='bbox 559 1449 682 1492; x_wconf 83' lang='lat' dir='ltr'>libertatem</span> <span class='ocrx_word' id='word_1_162' title='bbox 695 1464 824 1508; x_wconf 82' lang='lat' dir='ltr'>quocunqne</span> <span class='ocrx_word' id='word_1_163' title='bbox 836 1452 901 1494; x_wconf 86' lang='lat' dir='ltr'>modo</span> <span class='ocrx_word' id='word_1_164' title='bbox 912 1466 973 1509; x_wconf 86' lang='lat' dir='ltr'>proc-</span> 
     </span>
     <span class='ocr_line' id='line_1_19' title="bbox 47 1509 974 1579; baseline 0.004 -17"><span class='ocrx_word' id='word_1_165' title='bbox 47 1559 49 1562; x_wconf 20' lang='grc'><strong><em>4</em></strong></span> <span class='ocrx_word' id='word_1_166' title='bbox 101 1509 164 1564; x_wconf 83' lang='lat' dir='ltr'>urare</span> <span class='ocrx_word' id='word_1_167' title='bbox 175 1521 232 1564; x_wconf 83' lang='lat' dir='ltr'>uelit.</span> <span class='ocrx_word' id='word_1_168' title='bbox 264 1521 295 1563; x_wconf 84' lang='lat' dir='ltr'>At</span> <span class='ocrx_word' id='word_1_169' title='bbox 305 1521 362 1563; x_wconf 86' lang='lat' dir='ltr'>dicet</span> <span class='ocrx_word' id='word_1_170' title='bbox 374 1521 429 1562; x_wconf 71' lang='lat' dir='ltr'>DV.</span> <span class='ocrx_word' id='word_1_171' title='bbox 442 1520 500 1561; x_wconf 57' lang='lat' dir='ltr'>Hlmst&#39;</span> <span class='ocrx_word' id='word_1_172' title='bbox 513 1523 534 1561; x_wconf 87' lang='lat' dir='ltr'>et</span> <span class='ocrx_word' id='word_1_173' title='bbox 544 1519 658 1576; x_wconf 86' lang='lat' dir='ltr'>Hispanos</span> <span class='ocrx_word' id='word_1_174' title='bbox 674 1536 759 1578; x_wconf 76' lang='lat' dir='ltr'>qnccpre</span> <span class='ocrx_word' id='word_1_175' title='bbox 775 1524 843 1565; x_wconf 88' lang='lat' dir='ltr'>solere</span> <span class='ocrx_word' id='word_1_176' title='bbox 853 1525 974 1579; x_wconf 86' lang='lat' dir='ltr'>imperium</span> 
     </span>
     <span class='ocr_line' id='line_1_20' title="bbox 102 1592 975 1649; baseline 0.001 -13"><span class='ocrx_word' id='word_1_177' title='bbox 102 1607 200 1636; x_wconf 78' lang='lat' dir='ltr'>exemere</span> <span class='ocrx_word' id='word_1_178' title='bbox 207 1592 267 1634; x_wconf 85' lang='lat' dir='ltr'>haud</span> <span class='ocrx_word' id='word_1_179' title='bbox 274 1605 337 1635; x_wconf 89' lang='lat' dir='ltr'>secus</span> <span class='ocrx_word' id='word_1_180' title='bbox 345 1595 409 1647; x_wconf 87' lang='lat' dir='ltr'>atque</span> <span class='ocrx_word' id='word_1_181' title='bbox 418 1595 515 1634; x_wconf 85' lang='lat' dir='ltr'>coeteras</span> <span class='ocrx_word' id='word_1_182' title='bbox 523 1593 634 1636; x_wconf 86' lang='lat' dir='ltr'>nationes:</span> <span class='ocrx_word' id='word_1_183' title='bbox 652 1594 721 1635; x_wconf 81' lang='lat' dir='ltr'>fateor</span> <span class='ocrx_word' id='word_1_184' title='bbox 730 1594 748 1636; x_wconf 91' lang='lat' dir='ltr'>si</span> <span class='ocrx_word' id='word_1_185' title='bbox 757 1595 807 1649; x_wconf 84' lang='lat' dir='ltr'>quis</span> <span class='ocrx_word' id='word_1_186' title='bbox 818 1609 830 1636; x_wconf 85' lang='lat' dir='ltr'>a</span> <span class='ocrx_word' id='word_1_187' title='bbox 840 1609 876 1636; x_wconf 91' lang='lat' dir='ltr'>me</span> <span class='ocrx_word' id='word_1_188' title='bbox 888 1596 975 1638; x_wconf 86' lang='lat' dir='ltr'>saeculo</span> 
     </span>
     <span class='ocr_line' id='line_1_21' title="bbox 102 1662 976 1719; baseline 0.002 -14"><span class='ocrx_word' id='word_1_189' title='bbox 102 1662 976 1719; x_wconf 80' lang='lat' dir='ltr'>elapsonernpequinquagintaannosantehaectemperapercunctatusluisset</span> 
     </span>
     <span class='ocr_line' id='line_1_22' title="bbox 101 1733 976 1791; baseline 0.003 -15"><span class='ocrx_word' id='word_1_190' title='bbox 101 1748 194 1790; x_wconf 80' lang='lat' dir='ltr'>quorum</span> <span class='ocrx_word' id='word_1_191' title='bbox 210 1733 328 1789; x_wconf 89' lang='lat' dir='ltr'>imperium</span> <span class='ocrx_word' id='word_1_192' title='bbox 343 1736 417 1790; x_wconf 87' lang='lat' dir='ltr'>potins</span> <span class='ocrx_word' id='word_1_193' title='bbox 435 1734 572 1785; x_wconf 73' lang='lat' dir='ltr'>maluissem,</span> <span class='ocrx_word' id='word_1_194' title='bbox 586 1735 686 1777; x_wconf 80' lang='lat' dir='ltr'>fortassis</span> <span class='ocrx_word' id='word_1_195' title='bbox 697 1733 821 1789; x_wconf 72' lang='lat' dir='ltr'>dnglorum</span> <span class='ocrx_word' id='word_1_196' title='bbox 832 1736 976 1791; x_wconf 69' lang='lat' dir='ltr'>protulissem</span> 
     </span>
     <span class='ocr_line' id='line_1_23' title="bbox 101 1805 973 1864; baseline 0.005 -17"><span class='ocrx_word' id='word_1_197' title='bbox 101 1809 165 1861; x_wconf 84' lang='lat' dir='ltr'>atque</span> <span class='ocrx_word' id='word_1_198' title='bbox 176 1819 220 1848; x_wconf 89' lang='lat' dir='ltr'>non</span> <span class='ocrx_word' id='word_1_199' title='bbox 231 1805 317 1848; x_wconf 85' lang='lat' dir='ltr'>inficias</span> <span class='ocrx_word' id='word_1_200' title='bbox 328 1805 369 1848; x_wconf 85' lang='lat' dir='ltr'>ibit</span> <span class='ocrx_word' id='word_1_201' title='bbox 380 1806 407 1849; x_wconf 87' lang='lat' dir='ltr'>D.</span> <span class='ocrx_word' id='word_1_202' title='bbox 427 1806 454 1848; x_wconf 86' lang='lat' dir='ltr'>V.</span> <span class='ocrx_word' id='word_1_203' title='bbox 473 1806 532 1848; x_wconf 60' lang='lat' dir='ltr'>illm·</span> <span class='ocrx_word' id='word_1_204' title='bbox 551 1807 617 1849; x_wconf 85' lang='lat' dir='ltr'>aliam</span> <span class='ocrx_word' id='word_1_205' title='bbox 631 1808 678 1863; x_wconf 85' lang='lat' dir='ltr'>jam</span> <span class='ocrx_word' id='word_1_206' title='bbox 694 1820 742 1849; x_wconf 87' lang='lat' dir='ltr'>esse</span> <span class='ocrx_word' id='word_1_207' title='bbox 756 1807 863 1850; x_wconf 76' lang='lat' dir='ltr'>rationem</span> <span class='ocrx_word' id='word_1_208' title='bbox 879 1809 973 1864; x_wconf 87' lang='lat' dir='ltr'>imperio</span> 
     </span>
     <span class='ocr_line' id='line_1_24' title="bbox 100 1877 972 1934; baseline 0.005 -16"><span class='ocrx_word' id='word_1_209' title='bbox 100 1877 252 1932; x_wconf 75' lang='lat' dir='ltr'>Hispanorum</span> <span class='ocrx_word' id='word_1_210' title='bbox 263 1880 328 1933; x_wconf 85' lang='lat' dir='ltr'>atque</span> <span class='ocrx_word' id='word_1_211' title='bbox 344 1877 468 1933; x_wconf 78' lang='lat' dir='ltr'>Anglorum</span> <span class='ocrx_word' id='word_1_212' title='bbox 484 1882 524 1920; x_wconf 87' lang='lat' dir='ltr'>est.</span> <span class='ocrx_word' id='word_1_213' title='bbox 558 1879 581 1920; x_wconf 78' lang='lat' dir='ltr'>Si</span> <span class='ocrx_word' id='word_1_214' title='bbox 598 1878 647 1934; x_wconf 80' lang='lat' dir='ltr'>quis</span> <span class='ocrx_word' id='word_1_215' title='bbox 664 1878 762 1924; x_wconf 88' lang='lat' dir='ltr'>nuncin</span> <span class='ocrx_word' id='word_1_216' title='bbox 781 1878 889 1921; x_wconf 82' lang='lat' dir='ltr'>Hibernia</span> <span class='ocrx_word' id='word_1_217' title='bbox 900 1881 972 1922; x_wconf 87' lang='lat' dir='ltr'>autin</span> 
     </span>
     <span class='ocr_line' id='line_1_25' title="bbox 100 1949 972 2006; baseline 0.005 -16"><span class='ocrx_word' id='word_1_218' title='bbox 100 1949 181 2004; x_wconf 74' lang='lat' dir='ltr'>Anglia</span> <span class='ocrx_word' id='word_1_219' title='bbox 192 1949 284 1991; x_wconf 87' lang='lat' dir='ltr'>missam</span> <span class='ocrx_word' id='word_1_220' title='bbox 293 1949 407 2002; x_wconf 79' lang='lat' dir='ltr'>audiverit,</span> <span class='ocrx_word' id='word_1_221' title='bbox 420 1964 445 1992; x_wconf 90' lang='lat' dir='ltr'>eo</span> <span class='ocrx_word' id='word_1_222' title='bbox 456 1951 529 1992; x_wconf 86' lang='lat' dir='ltr'>animo</span> <span class='ocrx_word' id='word_1_223' title='bbox 546 1964 589 2005; x_wconf 84' lang='lat' dir='ltr'>quo</span> <span class='ocrx_word' id='word_1_224' title='bbox 606 1949 668 1991; x_wconf 88' lang='lat' dir='ltr'>decet</span> <span class='ocrx_word' id='word_1_225' title='bbox 683 1964 762 2006; x_wconf 84' lang='lat' dir='ltr'>nempe</span> <span class='ocrx_word' id='word_1_226' title='bbox 778 1950 814 2005; x_wconf 90' lang='lat' dir='ltr'>pio</span> <span class='ocrx_word' id='word_1_227' title='bbox 826 1954 847 1993; x_wconf 88' lang='lat' dir='ltr'>et</span> <span class='ocrx_word' id='word_1_228' title='bbox 859 1951 972 1995; x_wconf 78' lang='lat' dir='ltr'>Catholicc</span> 
     </span>
     <span class='ocr_line' id='line_1_26' title="bbox 49 2020 972 2076; baseline 0.003 -15"><span class='ocrx_word' id='word_1_229' title='bbox 49 2049 50 2053; x_wconf 66' lang='lat'>,</span> <span class='ocrx_word' id='word_1_230' title='bbox 99 2020 270 2071; x_wconf 81' lang='lat' dir='ltr'>Eucharistiam,</span> <span class='ocrx_word' id='word_1_231' title='bbox 289 2022 449 2063; x_wconf 85' lang='lat' dir='ltr'>confessionem</span> <span class='ocrx_word' id='word_1_232' title='bbox 468 2025 505 2063; x_wconf 87' lang='lat' dir='ltr'>aut</span> <span class='ocrx_word' id='word_1_233' title='bbox 524 2021 567 2062; x_wconf 84' lang='lat' dir='ltr'>alia</span> <span class='ocrx_word' id='word_1_234' title='bbox 585 2024 720 2063; x_wconf 84' lang='lat' dir='ltr'>sacramenta</span> <span class='ocrx_word' id='word_1_235' title='bbox 739 2021 916 2076; x_wconf 76' lang='lat' dir='ltr'>frequentaverit,</span> <span class='ocrx_word' id='word_1_236' title='bbox 934 2027 972 2064; x_wconf 85' lang='lat' dir='ltr'>aut</span> 
     </span>
     <span class='ocr_line' id='line_1_27' title="bbox 99 2076 970 2147; baseline 0.005 -16"><span class='ocrx_word' id='word_1_237' title='bbox 99 2104 135 2132; x_wconf 81' lang='grc'>111</span> <span class='ocrx_word' id='word_1_238' title='bbox 146 2104 294 2145; x_wconf 81' lang='lat' dir='ltr'>quascumque</span> <span class='ocrx_word' id='word_1_239' title='bbox 305 2106 317 2133; x_wconf 92' lang='lat' dir='ltr'>a</span> <span class='ocrx_word' id='word_1_240' title='bbox 329 2092 379 2134; x_wconf 84' lang='lat' dir='ltr'>sede</span> <span class='ocrx_word' id='word_1_241' title='bbox 389 2091 516 2147; x_wconf 80' lang='lat' dir='ltr'>Apostolica</span> <span class='ocrx_word' id='word_1_242' title='bbox 532 2092 683 2146; x_wconf 78' lang='lat' dir='ltr'>impetraverit</span> <span class='ocrx_word' id='word_1_243' title='bbox 698 2091 747 2145; x_wconf 86' lang='lat' dir='ltr'>ipso</span> <span class='ocrx_word' id='word_1_244' title='bbox 762 2076 827 2134; x_wconf 62' lang='lat' dir='ltr'>lacto⁸</span> <span class='ocrx_word' id='word_1_245' title='bbox 840 2092 970 2135; x_wconf 73' lang='grc'><strong>1111111111-</strong></span> 
     </span>
     <span class='ocr_line' id='line_1_28' title="bbox 96 2159 970 2216; baseline 0.003 -14"><span class='ocrx_word' id='word_1_246' title='bbox 96 2160 185 2216; x_wconf 73' lang='lat' dir='ltr'>J&#39;estatis</span> <span class='ocrx_word' id='word_1_247' title='bbox 197 2160 288 2201; x_wconf 86' lang='lat' dir='ltr'>crimine</span> <span class='ocrx_word' id='word_1_248' title='bbox 300 2161 421 2202; x_wconf 79' lang='lat' dir='ltr'>damnetur.</span> <span class='ocrx_word' id='word_1_249' title='bbox 453 2161 481 2202; x_wconf 78' lang='lat' dir='ltr'>In</span> <span class='ocrx_word' id='word_1_250' title='bbox 492 2160 603 2214; x_wconf 85' lang='lat' dir='ltr'>Hispania</span> <span class='ocrx_word' id='word_1_251' title='bbox 613 2160 704 2214; x_wconf 87' lang='lat' dir='ltr'>impune</span> <span class='ocrx_word' id='word_1_252' title='bbox 713 2159 754 2202; x_wconf 86' lang='lat' dir='ltr'>lmc</span> <span class='ocrx_word' id='word_1_253' title='bbox 764 2161 797 2213; x_wconf 77' lang='lat' dir='ltr'>fic,</span> <span class='ocrx_word' id='word_1_254' title='bbox 810 2164 832 2202; x_wconf 92' lang='lat' dir='ltr'>et</span> <span class='ocrx_word' id='word_1_255' title='bbox 842 2175 887 2203; x_wconf 88' lang='lat' dir='ltr'>non</span> <span class='ocrx_word' id='word_1_256' title='bbox 897 2161 970 2206; x_wconf 85' lang='lat' dir='ltr'>solum</span> 
     </span>
     <span class='ocr_line' id='line_1_29' title="bbox 99 2230 969 2287; baseline 0.003 -14"><span class='ocrx_word' id='word_1_257' title='bbox 99 2232 190 2287; x_wconf 86' lang='lat' dir='ltr'>impune</span> <span class='ocrx_word' id='word_1_258' title='bbox 202 2230 240 2273; x_wconf 86' lang='lat' dir='ltr'>sed</span> <span class='ocrx_word' id='word_1_259' title='bbox 251 2234 273 2273; x_wconf 88' lang='lat' dir='ltr'>et</span> <span class='ocrx_word' id='word_1_260' title='bbox 284 2231 414 2273; x_wconf 80' lang='lat' dir='ltr'>facientibus</span> <span class='ocrx_word' id='word_1_261' title='bbox 427 2230 474 2274; x_wconf 89' lang='lat' dir='ltr'>laus</span> <span class='ocrx_word' id='word_1_262' title='bbox 486 2234 526 2281; x_wconf 84' lang='lat' dir='ltr'>est,</span> <span class='ocrx_word' id='word_1_263' title='bbox 538 2244 584 2272; x_wconf 87' lang='lat' dir='ltr'>nen</span> <span class='ocrx_word' id='word_1_264' title='bbox 595 2230 726 2273; x_wconf 82' lang='lat' dir='ltr'>facientibus</span> <span class='ocrx_word' id='word_1_265' title='bbox 737 2244 808 2286; x_wconf 87' lang='lat' dir='ltr'>poena</span> <span class='ocrx_word' id='word_1_266' title='bbox 819 2232 969 2276; x_wconf 84' lang='lat' dir='ltr'>constituitur.</span> 
     </span>
     <span class='ocr_line' id='line_1_30' title="bbox 99 2300 972 2359; baseline 0.002 -15"><span class='ocrx_word' id='word_1_267' title='bbox 99 2303 130 2344; x_wconf 81' lang='lat' dir='ltr'>At</span> <span class='ocrx_word' id='word_1_268' title='bbox 140 2315 228 2344; x_wconf 87' lang='lat' dir='ltr'>rursum</span> <span class='ocrx_word' id='word_1_269' title='bbox 240 2302 294 2343; x_wconf 90' lang='lat' dir='ltr'>dicit</span> <span class='ocrx_word' id='word_1_270' title='bbox 305 2302 378 2344; x_wconf 87' lang='lat' dir='ltr'>omnia</span> <span class='ocrx_word' id='word_1_271' title='bbox 388 2301 441 2344; x_wconf 84' lang='lat' dir='ltr'>haec</span> <span class='ocrx_word' id='word_1_272' title='bbox 457 2301 515 2343; x_wconf 87' lang='lat' dir='ltr'>nihil</span> <span class='ocrx_word' id='word_1_273' title='bbox 531 2301 558 2343; x_wconf 86' lang='lat' dir='ltr'>ad</span> <span class='ocrx_word' id='word_1_274' title='bbox 575 2314 622 2342; x_wconf 77' lang='lat' dir='ltr'>rein</span> <span class='ocrx_word' id='word_1_275' title='bbox 638 2302 715 2343; x_wconf 85' lang='lat' dir='ltr'>lacere.</span> <span class='ocrx_word' id='word_1_276' title='bbox 750 2300 854 2357; x_wconf 85' lang='lat' dir='ltr'>Oportere</span> <span class='ocrx_word' id='word_1_277' title='bbox 865 2316 918 2345; x_wconf 90' lang='lat' dir='ltr'>eum</span> <span class='ocrx_word' id='word_1_278' title='bbox 934 2305 972 2359; x_wconf 86' lang='lat' dir='ltr'>qui</span> 
     </span>
     <span class='ocr_line' id='line_1_31' title="bbox 98 2371 971 2430; baseline 0.003 -15"><span class='ocrx_word' id='word_1_279' title='bbox 98 2373 217 2429; x_wconf 89' lang='lat' dir='ltr'>imperium</span> <span class='ocrx_word' id='word_1_280' title='bbox 232 2372 353 2415; x_wconf 81' lang='lat' dir='ltr'>Hiberniae</span> <span class='ocrx_word' id='word_1_281' title='bbox 371 2373 467 2415; x_wconf 86' lang='lat' dir='ltr'>obtinere</span> <span class='ocrx_word' id='word_1_282' title='bbox 484 2372 536 2414; x_wconf 80' lang='lat' dir='ltr'>uelit</span> <span class='ocrx_word' id='word_1_283' title='bbox 555 2387 567 2413; x_wconf 84' lang='lat' dir='ltr'>a</span> <span class='ocrx_word' id='word_1_284' title='bbox 587 2385 674 2415; x_wconf 85' lang='lat' dir='ltr'>summo</span> <span class='ocrx_word' id='word_1_285' title='bbox 693 2371 800 2415; x_wconf 80' lang='lat' dir='ltr'>Pontifice</span> <span class='ocrx_word' id='word_1_286' title='bbox 820 2387 870 2416; x_wconf 89' lang='lat' dir='ltr'>eum</span> <span class='ocrx_word' id='word_1_287' title='bbox 888 2379 971 2430; x_wconf 84' lang='lat' dir='ltr'>petere.</span> 
     </span>
     <span class='ocr_line' id='line_1_32' title="bbox 99 2442 971 2502; baseline 0.006 -18"><span class='ocrx_word' id='word_1_288' title='bbox 99 2443 130 2485; x_wconf 83' lang='lat' dir='ltr'>Et</span> <span class='ocrx_word' id='word_1_289' title='bbox 141 2443 181 2486; x_wconf 84' lang='lat' dir='ltr'>hoc</span> <span class='ocrx_word' id='word_1_290' title='bbox 193 2457 280 2499; x_wconf 86' lang='lat' dir='ltr'>quoque</span> <span class='ocrx_word' id='word_1_291' title='bbox 289 2443 366 2502; x_wconf 76' lang='grc' dir='ltr'>111101,Ι</span> <span class='ocrx_word' id='word_1_292' title='bbox 377 2458 417 2486; x_wconf 88' lang='lat' dir='ltr'>nec</span> <span class='ocrx_word' id='word_1_293' title='bbox 429 2456 468 2498; x_wconf 83' lang='lat' dir='ltr'>ego</span> <span class='ocrx_word' id='word_1_294' title='bbox 480 2442 557 2485; x_wconf 90' lang='lat' dir='ltr'>dubito</span> <span class='ocrx_word' id='word_1_295' title='bbox 568 2456 643 2497; x_wconf 79' lang='lat' dir='ltr'>regem</span> <span class='ocrx_word' id='word_1_296' title='bbox 656 2442 795 2485; x_wconf 79' lang='lat' dir='ltr'>Oatholicum</span> <span class='ocrx_word' id='word_1_297' title='bbox 804 2444 845 2487; x_wconf 78' lang='lat' dir='ltr'>lico</span> <span class='ocrx_word' id='word_1_298' title='bbox 854 2445 971 2489; x_wconf 81' lang='lat' dir='ltr'>facturum.</span> 
     </span>
     <span class='ocr_line' id='line_1_33' title="bbox 99 2513 972 2572; baseline 0.005 -16"><span class='ocrx_word' id='word_1_299' title='bbox 99 2515 204 2557; x_wconf 80' lang='lat' dir='ltr'>Attamen</span> <span class='ocrx_word' id='word_1_300' title='bbox 215 2529 263 2557; x_wconf 86' lang='lat' dir='ltr'>meo</span> <span class='ocrx_word' id='word_1_301' title='bbox 280 2515 364 2571; x_wconf 84' lang='lat' dir='ltr'>judicic</span> <span class='ocrx_word' id='word_1_302' title='bbox 382 2529 427 2558; x_wconf 87' lang='grc'><strong>11011</strong></span> <span class='ocrx_word' id='word_1_303' title='bbox 446 2514 510 2556; x_wconf 85' lang='lat' dir='ltr'>debet</span> <span class='ocrx_word' id='word_1_304' title='bbox 528 2514 634 2570; x_wconf 85' lang='lat' dir='ltr'>imputari</span> <span class='ocrx_word' id='word_1_305' title='bbox 652 2513 759 2557; x_wconf 88' lang='lat' dir='ltr'>Hibernis</span> <span class='ocrx_word' id='word_1_306' title='bbox 777 2515 879 2572; x_wconf 87' lang='lat' dir='ltr'>impietas</span> <span class='ocrx_word' id='word_1_307' title='bbox 897 2518 972 2572; x_wconf 88' lang='lat' dir='ltr'>aliqua</span> 
     </span>
     <span class='ocr_line' id='line_1_34' title="bbox 99 2584 970 2642; baseline 0.003 -14"><span class='ocrx_word' id='word_1_308' title='bbox 99 2586 157 2642; x_wconf 80' lang='lat' dir='ltr'>quod</span> <span class='ocrx_word' id='word_1_309' title='bbox 168 2600 191 2629; x_wconf 88' lang='lat' dir='ltr'>se</span> <span class='ocrx_word' id='word_1_310' title='bbox 201 2600 282 2642; x_wconf 83' lang='lat' dir='ltr'>suaque</span> <span class='ocrx_word' id='word_1_311' title='bbox 294 2588 368 2629; x_wconf 85' lang='lat' dir='ltr'>omnia</span> <span class='ocrx_word' id='word_1_312' title='bbox 378 2588 425 2642; x_wconf 81' lang='lat' dir='ltr'>regi</span> <span class='ocrx_word' id='word_1_313' title='bbox 437 2584 548 2629; x_wconf 77' lang='lat' dir='ltr'>Catholico</span> <span class='ocrx_word' id='word_1_314' title='bbox 560 2586 611 2628; x_wconf 84' lang='lat' dir='ltr'>dare</span> <span class='ocrx_word' id='word_1_315' title='bbox 626 2588 781 2642; x_wconf 85' lang='lat' dir='ltr'>promiserunt.</span> <span class='ocrx_word' id='word_1_316' title='bbox 816 2588 899 2639; x_wconf 73' lang='lat' dir='ltr'>Quibus</span> <span class='ocrx_word' id='word_1_317' title='bbox 911 2590 970 2631; x_wconf 91' lang='lat' dir='ltr'>enim</span> 
     </span>
     <span class='ocr_line' id='line_1_35' title="bbox 46 2657 1002 2715; baseline 0.004 -15"><span class='ocrx_word' id='word_1_318' title='bbox 46 2697 50 2700; x_wconf 81' lang='grc'><strong><em>.</em></strong></span> <span class='ocrx_word' id='word_1_319' title='bbox 99 2657 149 2699; x_wconf 85' lang='lat' dir='ltr'>aliis</span> <span class='ocrx_word' id='word_1_320' title='bbox 160 2657 323 2700; x_wconf 87' lang='lat' dir='ltr'>conditionibus</span> <span class='ocrx_word' id='word_1_321' title='bbox 341 2659 467 2714; x_wconf 88' lang='lat' dir='ltr'>potuissent</span> <span class='ocrx_word' id='word_1_322' title='bbox 484 2658 567 2712; x_wconf 80' lang='lat' dir='ltr'>Regem</span> <span class='ocrx_word' id='word_1_323' title='bbox 586 2659 632 2701; x_wconf 87' lang='lat' dir='ltr'>suis</span> <span class='ocrx_word' id='word_1_324' title='bbox 652 2659 718 2701; x_wconf 84' lang='lat' dir='ltr'>rebus</span> <span class='ocrx_word' id='word_1_325' title='bbox 737 2660 932 2715; x_wconf 86' lang='lat' dir='ltr'>occupatissimum</span> <span class='ocrx_word' id='word_1_326' title='bbox 943 2660 970 2704; x_wconf 83' lang='lat' dir='ltr'>ad</span> <span class='ocrx_word' id='word_1_327' title='bbox 1001 2711 1002 2714; x_wconf 11' lang='grc' dir='ltr'><strong>Ἴ</strong></span> 
     </span>
     <span class='ocr_line' id='line_1_36' title="bbox 99 2726 969 2784; baseline 0.005 -14"><span class='ocrx_word' id='word_1_328' title='bbox 99 2742 162 2783; x_wconf 91' lang='lat' dir='ltr'>opem</span> <span class='ocrx_word' id='word_1_329' title='bbox 172 2729 285 2772; x_wconf 84' lang='lat' dir='ltr'>ferendam</span> <span class='ocrx_word' id='word_1_330' title='bbox 297 2729 383 2772; x_wconf 89' lang='lat' dir='ltr'>allicere</span> <span class='ocrx_word' id='word_1_331' title='bbox 399 2730 444 2772; x_wconf 88' lang='lat' dir='ltr'>nisi</span> <span class='ocrx_word' id='word_1_332' title='bbox 460 2729 518 2771; x_wconf 80' lang='lat' dir='ltr'>tali?</span> <span class='ocrx_word' id='word_1_333' title='bbox 534 2743 601 2784; x_wconf 80' lang='lat' dir='ltr'>quam</span> <span class='ocrx_word' id='word_1_334' title='bbox 616 2733 691 2771; x_wconf 86' lang='lat' dir='ltr'>tamen</span> <span class='ocrx_word' id='word_1_335' title='bbox 703 2726 852 2773; x_wconf 87' lang='lat' dir='ltr'>conditionem</span> <span class='ocrx_word' id='word_1_336' title='bbox 863 2732 908 2774; x_wconf 87' lang='lat' dir='ltr'>scic</span> <span class='ocrx_word' id='word_1_337' title='bbox 924 2744 969 2773; x_wconf 87' lang='lat' dir='ltr'>non</span> 
     </span>
     <span class='ocr_line' id='line_1_37' title="bbox 96 2795 970 2856; baseline 0.006 -17"><span class='ocrx_word' id='word_1_338' title='bbox 96 2800 206 2854; x_wconf 17' lang='lat' dir='ltr'>‘acciperet</span> <span class='ocrx_word' id='word_1_339' title='bbox 215 2800 262 2842; x_wconf 81' lang='lat' dir='ltr'>Rex</span> <span class='ocrx_word' id='word_1_340' title='bbox 273 2801 317 2842; x_wconf 88' lang='lat' dir='ltr'>nisi</span> <span class='ocrx_word' id='word_1_341' title='bbox 329 2800 386 2843; x_wconf 86' lang='lat' dir='ltr'>adsit</span> <span class='ocrx_word' id='word_1_342' title='bbox 396 2813 516 2843; x_wconf 87' lang='lat' dir='ltr'>consensus</span> <span class='ocrx_word' id='word_1_343' title='bbox 528 2801 611 2843; x_wconf 86' lang='lat' dir='ltr'>summi</span> <span class='ocrx_word' id='word_1_344' title='bbox 626 2795 834 2843; x_wconf 84' lang='lat' dir='ltr'>Pontificis-tanta</span> <span class='ocrx_word' id='word_1_345' title='bbox 850 2805 883 2844; x_wconf 90' lang='lat' dir='ltr'>est</span> <span class='ocrx_word' id='word_1_346' title='bbox 898 2802 970 2856; x_wconf 87' lang='lat' dir='ltr'>ipsius</span> 
     </span>
     <span class='ocr_line' id='line_1_38' title="bbox 98 2870 973 2928; baseline 0.006 -18"><span class='ocrx_word' id='word_1_347' title='bbox 98 2870 169 2925; x_wconf 88' lang='lat' dir='ltr'>pietas</span> <span class='ocrx_word' id='word_1_348' title='bbox 181 2876 203 2912; x_wconf 89' lang='lat' dir='ltr'>et</span> <span class='ocrx_word' id='word_1_349' title='bbox 213 2871 330 2914; x_wconf 86' lang='lat' dir='ltr'>modestia.</span> <span class='ocrx_word' id='word_1_350' title='bbox 352 2872 425 2928; x_wconf 80' lang='lat' dir='ltr'>Atque</span> <span class='ocrx_word' id='word_1_351' title='bbox 438 2872 492 2915; x_wconf 87' lang='lat' dir='ltr'>sciat</span> <span class='ocrx_word' id='word_1_352' title='bbox 503 2872 560 2914; x_wconf 57' lang='lat' dir='ltr'>Dru</span> <span class='ocrx_word' id='word_1_353' title='bbox 573 2872 634 2914; x_wconf 60' lang='lat' dir='ltr'>Inest·</span> <span class='ocrx_word' id='word_1_354' title='bbox 646 2872 704 2927; x_wconf 86' lang='lat' dir='ltr'>quod</span> <span class='ocrx_word' id='word_1_355' title='bbox 715 2873 760 2914; x_wconf 89' lang='lat' dir='ltr'>nisi</span> <span class='ocrx_word' id='word_1_356' title='bbox 771 2873 870 2915; x_wconf 87' lang='lat' dir='ltr'>celeriter</span> <span class='ocrx_word' id='word_1_357' title='bbox 880 2875 918 2913; x_wconf 89' lang='lat' dir='ltr'>aut</span> <span class='ocrx_word' id='word_1_358' title='bbox 933 2887 973 2915; x_wconf 84' lang='lat' dir='ltr'>rex</span> 
     </span>
     <span class='ocr_line' id='line_1_39' title="bbox 100 2939 971 2998; baseline 0.005 -16"><span class='ocrx_word' id='word_1_359' title='bbox 100 2939 227 2983; x_wconf 78' lang='lat' dir='ltr'>Catholicus</span> <span class='ocrx_word' id='word_1_360' title='bbox 238 2946 276 2983; x_wconf 86' lang='lat' dir='ltr'>aut</span> <span class='ocrx_word' id='word_1_361' title='bbox 287 2943 367 2998; x_wconf 84' lang='lat' dir='ltr'>aliquis</span> <span class='ocrx_word' id='word_1_362' title='bbox 378 2943 434 2985; x_wconf 80' lang='lat' dir='ltr'>alius</span> <span class='ocrx_word' id='word_1_363' title='bbox 446 2943 551 2998; x_wconf 86' lang='lat' dir='ltr'>Princeps</span> <span class='ocrx_word' id='word_1_364' title='bbox 569 2942 708 2986; x_wconf 78' lang='lat' dir='ltr'>Christianus</span> <span class='ocrx_word' id='word_1_365' title='bbox 726 2956 788 2997; x_wconf 86' lang='lat' dir='ltr'>opem</span> <span class='ocrx_word' id='word_1_366' title='bbox 800 2943 854 2983; x_wconf 86' lang='lat' dir='ltr'>ferat</span> <span class='ocrx_word' id='word_1_367' title='bbox 864 2944 971 2986; x_wconf 85' lang='lat' dir='ltr'>nostrati·</span> 
     </span>
    </p>
   </div>
   <div class='ocr_carea' id='block_1_3' title="bbox 98 3011 972 3122">
    <p class='ocr_par' dir='ltr' id='par_1_3' title="bbox 98 3011 972 3122">
     <span class='ocr_line' id='line_1_40' title="bbox 98 3011 972 3066; baseline 0.002 -11"><span class='ocrx_word' id='word_1_368' title='bbox 98 3012 140 3055; x_wconf 88' lang='lat' dir='ltr'>bus</span> <span class='ocrx_word' id='word_1_369' title='bbox 151 3024 197 3052; x_wconf 87' lang='lat' dir='ltr'>rem</span> <span class='ocrx_word' id='word_1_370' title='bbox 208 3025 232 3053; x_wconf 93' lang='lat' dir='ltr'>ec</span> <span class='ocrx_word' id='word_1_371' title='bbox 243 3017 359 3055; x_wconf 80' lang='grc'><strong>1111111111</strong></span> <span class='ocrx_word' id='word_1_372' title='bbox 366 3018 391 3055; x_wconf 92' lang='lat' dir='ltr'>ut</span> <span class='ocrx_word' id='word_1_373' title='bbox 401 3027 441 3055; x_wconf 91' lang='lat' dir='ltr'>nec</span> <span class='ocrx_word' id='word_1_374' title='bbox 450 3027 551 3057; x_wconf 87' lang='lat' dir='ltr'>summus</span> <span class='ocrx_word' id='word_1_375' title='bbox 560 3014 662 3056; x_wconf 76' lang='lat' dir='ltr'>Pontifex</span> <span class='ocrx_word' id='word_1_376' title='bbox 670 3026 709 3054; x_wconf 88' lang='lat' dir='ltr'>nec</span> <span class='ocrx_word' id='word_1_377' title='bbox 718 3011 834 3066; x_wconf 85' lang='lat' dir='ltr'>Hispanus</span> <span class='ocrx_word' id='word_1_378' title='bbox 842 3026 882 3055; x_wconf 89' lang='lat' dir='ltr'>nec</span> <span class='ocrx_word' id='word_1_379' title='bbox 892 3013 972 3057; x_wconf 72' lang='lat' dir='ltr'>Gallus</span> 
     </span>
     <span class='ocr_line' id='line_1_41' title="bbox 873 3096 885 3122; baseline 0 0"><span class='ocrx_word' id='word_1_380' title='bbox 873 3096 885 3122; x_wconf 87' lang='lat' dir='ltr'>r</span> 
     </span>
    </p>
   </div>
   <div class='ocr_carea' id='block_1_4' title="bbox 0 0 1212 3337">
    <p class='ocr_par' dir='ltr' id='par_1_4' title="bbox 0 0 1212 3337">
     <span class='ocr_line' id='line_1_42' title="bbox 0 0 1212 3337; baseline 0 1"><span class='ocrx_word' id='word_1_381' title='bbox 0 0 1212 3337; x_wconf 95' lang='lat' dir='ltr'> </span> 
     </span>
    </p>
   </div>
  </div>
 </body>
</html>
