2416 3337
447 187 591 218 srlclnneruM
607 187 748 217 ossonlnusn.

167 268 409 276 ff*—

554 399 637 443 XLIV.

166 534 262 576 Lnrrnn
273 547 300 576 or
311 546 356 576 rna
367 533 514 575 daonarsnoa
526 545 552 574 cr
563 530 669 581 1111111111,
682 542 813 573 anemonae
830 543 875 573 rna
891 529 964 573 D1ccu
969 543 996 574 su
1009 545 1035 574 or

407 616 524 668 Kmnoau
536 616 581 658 2111)
592 615 729 665 Bactriana,
742 613 808 656 1630.

167 734 232 775 [Hugh
247 734 330 777 omeffly,
339 746 350 769 a
359 735 427 768 sccular
441 734 505 772 Priest,
514 743 549 766 was
557 731 656 776 appointed
666 730 736 772 Bisbcp
745 731 766 763 cf
777 730 856 763 Kilrnore
871 740 894 762 on
903 731 934 763 the
943 730 973 763 9111
982 733 1035 770 June,

209 792 259 830 1625,
268 791 303 824 and
311 792 409 825 translated
417 794 436 823 tc
445 790 523 831 Armagh
532 800 554 822 cn
568 789 599 822 the
613 789 653 822 alst
660 789 736 830 August,
748 788 797 821 mac.
821 788 851 821 He
865 787 951 829 departed
958 788 995 822 this
1003 789 1034 822 lise

208 846 228 880 in
235 848 332 889 February,
340 848 399 889 luca]

164 953 234 1004 Eua,
248 953 287 995 dcc.

208 1036 296 1079 Literas
306 1036 384 1079 Emae.
396 1040 418 1079 et
426 1035 504 1079 Rmae.
516 1036 572 1077 D.V.
586 1049 617 1086 ea,
630 1049 672 1091 qua
680 1035 761 1086 decuit,
769 1037 890 1078 reverentia
898 1038 969 1093 recepi
977 1039 1033 1082 circa

162 1106 310 1163 indagandam
324 1107 438 1150 veritatem
450 1106 616 1162 supplicationis
627 1106 695 1147 factae
703 1121 714 1147 a
723 1104 788 1148 Rmo.
799 1106 901 1162 Eugenic
909 1106 1032 1152 Kihnoren.

162 1178 219 1234 Epo.
231 1178 257 1220 de
269 1178 406 1234 impetranda
416 1192 429 1220 a
441 1177 496 1220 Sede
507 1176 549 1232 Ap.
561 1176 617 1232 Epo.
629 1180 651 1218 et
661 1176 752 1231 Epatui.
762 1176 885 1219 Kilmorcn.
894 1179 1034 1222 restitutione

162 1248 296 1291 decimarum
310 1248 449 1304 perplurium¹
460 1247 613 1304 parochiarum
629 1246 778 1289 Kilmcrensis
796 1246 898 1290 Diccesis
914 1263 927 1290 a
942 1249 1032 1294 Menas·

161 1319 223 1362 teriis
234 1319 340 1362 Abbatiae
352 1319 377 1361 de
388 1319 501 1370 Kcanlios,
514 1318 567 1360 alias
578 1318 695 1360 Keananas
713 1318 842 1361 Canoniccr.
859 1319 966 1375 Reglrim.
980 1322 1032 1365 Ord.

163 1390 185 1432 S.
197 1380 327 1445 Augustini,
345 1393 367 1431 et
382 1390 495 1432 Prioratus
509 1389 535 1430 de
550 1389 615 1439 Four,
631 1388 686 1431 alius
699 1389 794 1441 Barcen,
807 1389 859 1432 Ord.
876 1390 898 1432 S.
913 1388 1000 1435 Benedl·
1008 1394 1031 1436 in

161 1463 236 1504 Dicae.
251 1462 336 1503 Midan.
351 1462 400 1504 sitis
412 1468 572 1516 occupatarum,
588 1461 651 1517 cujus
661 1461 693 1503 111
704 1462 888 1514 statunculus,
901 1467 927 1505 ut
945 1465 1029 1520 opinor,

160 1532 265 1583 exactius,
279 1547 344 1587 quam
355 1546 394 1588 ego
406 1533 462 1575 scire
472 1536 552 1588 potest,
565 1546 615 1574 oum
626 1533 650 1573 in
661 1546 685 1574 ea
696 1533 791 1575 dioecesi
802 1537 823 1575 et
832 1537 897 1576 natus
908 1536 995 1589 fuerim,
1008 1542 1030 1580 et

160 1603 274 1655 educatus,
287 1607 308 1645 et
319 1603 418 1659 ejusdem
429 1603 523 1645 ciuitatis
538 1602 610 1659 Epus.
622 1602 704 1657 aliquot
720 1617 790 1646 annos
806 1607 857 1646 ante
872 1618 945 1648 meam
957 1610 1030 1651 trans-

160 1673 265 1716 lationem
283 1674 400 1716 extiterim.
434 1673 505 1724 Quare
515 1672 592 1715 Emae.
603 1672 729 1715 celsitudini
740 1673 804 1716 Vrae.
816 1675 874 1717 sicut
885 1680 906 1718 et
913 1677 936 1719 in
945 1680 1029 1729 ceteris,

159 1745 191 1786 ita
202 1747 223 1786 et
234 1745 257 1787 in
273 1744 315 1786 hoc
331 1758 383 1786 casu
399 1758 426 1786 ex
444 1744 517 1786 animo
537 1757 612 1799 parere
630 1747 728 1799 paratus,
748 1744 863 1797 sinceram,
882 1750 907 1788 ut
924 1748 1030 1804 sequitur,

159 1815 227 1872 hujus
237 1816 270 1858 rei
281 1815 408 1858 relationem
416 1815 487 1871 prima
497 1814 544 1865 1111,
557 1828 623 1870 quam
634 1817 711 1856 nactus
720 1828 770 1856 sum
781 1817 951 1871 opportunitate,
963 1819 1031 1863 Vobis

159 1888 286 1929 transmitto
303 1887 369 1929 simul
383 1901 433 1929 cum
450 1887 512 1943 copia
522 1886 635 1928 literarum
647 1885 791 1930 Celsitudinis
800 1887 864 1931 Vrae.
877 1889 904 1931 ad
917 1905 952 1933 me
962 1890 1030 1934 direc-

96 1949 99 1954 ’
160 1962 240 2009 tarum,
254 1961 277 2000 et
287 1959 420 2011 memorialis
431 1958 500 2001 Vobis
510 1958 534 1999 in
544 1957 604 2000 hunc
614 1957 682 1999 finem
692 1960 794 2013 porrecti.

204 2027 353 2084 Episcopatus
362 2029 486 2071 Kilrnoren.
495 2028 522 2070 ab
530 2027 647 2070 hominum
654 2029 761 2071 memoria
767 2033 814 2071 erat
821 2045 847 2072 ex
855 2032 1000 2087 pauperrimis
1008 2037 1030 2076 et

158 2098 297 2141 tenuissimis
308 2100 377 2141 totius
385 2099 449 2141 Prov.
459 2098 617 2149 Ardmacanae,
630 2098 661 2139 ita
673 2101 698 2139 ut
706 2098 755 2154 ejus
763 2101 832 2141 annui
842 2100 942 2143 redditus
952 2116 1029 2145 secun-

158 2171 212 2213 dum
232 2184 372 2213 communem
390 2169 567 2212 aestimationem
582 2173 696 2211 sexcentos
711 2169 805 2213 florenos
821 2172 912 2227 gallicos
931 2187 975 2216 non
991 2189 1027 2217 ex-

158 2242 260 2283 cederent
270 2256 275 2283 :
287 2240 340 2283 haec
348 2244 422 2283 autem
429 2240 498 2282 nimia
506 2242 623 2295 paupertas
634 2240 734 2295 provenit
744 2241 825 2295 partim
834 2256 860 2283 ex
868 2256 893 2284 eo
902 2243 937 2300 qd.
945 2244 1028 2300 plerae-

158 2326 200 2368 que
218 2311 288 2369 hujus
306 2312 417 2355 Dioecesis
435 2315 506 2354 terrae
522 2310 630 2353 Ecclicae.
647 2310 762 2364 vassallis,
782 2313 820 2369 qui
837 2317 926 2357 tantum
941 2330 1030 2372 parram

158 2383 254 2438 aliquam
265 2383 438 2438 recognitionem
455 2382 512 2438 Epa
533 2382 558 2424 ab
577 2382 669 2438 antiquo
686 2382 807 2433 solvebant,
825 2389 880 2427 sunt
896 2392 1029 2443 occupatae:

159 2455 239 2510 partim
251 2456 318 2498 etiam
334 2455 369 2510 qd.
380 2456 510 2511 plerarumq.
522 2458 560 2496 aut
571 2454 651 2496 saltem
665 2450 812 2510 plurimarum
827 2457 948 2513 parochiar.
960 2460 1031 2505 dictae

158 2526 239 2569 dicece.
252 2527 347 2569 decimae
362 2541 418 2583 pene
429 2541 513 2577 omnes,
526 2540 580 2582 quae
591 2526 614 2568 in
621 2526 677 2586 Epi.
690 2530 712 2568 et
723 2531 833 2571 rectorum
845 2533 1029 2577 sustentationem

159 2598 235 2640 cedere
256 2598 362 2641 deberent
382 2599 409 2641 ad
427 2611 508 2641 manus
525 2597 647 2654 Reglrium.
668 2598 762 2653 praedm·
773 2600 880 2643 nimirum
895 2602 986 2647 Abbatis
1003 2605 1029 2647 de

158 2667 259 2720 Kenlios,
283 2670 336 2712 alias
357 2669 383 2712 de
409 2669 528 2711 Keauanas
554 2668 606 2711 Ord.
629 2668 649 2711 S.
671 2666 746 2729 Augu,
764 2674 786 2712 et
807 2671 890 2715 Prioris
910 2674 936 2716 de
961 2674 1028 2727 Fcur,

159 2739 214 2781 alias
231 2739 320 2782 Balecir
338 2739 389 2782 Ord.
403 2739 425 2781 S.
437 2736 524 2782 Benedi·
534 2739 600 2782 dioce.
613 2739 730 2791 Midensis,
744 2742 877 2797 devenerint,
895 2759 936 2800 quc
954 2749 1029 2788 autem

159 2810 233 2862 modo,
245 2815 285 2854 aut
299 2812 334 2854 via
349 2812 461 2863 nescitum
478 2817 564 2868 praeter
577 2811 619 2855 hoc
635 2816 739 2872 tantam„
749 2814 784 2870 qd.
795 2816 906 2872 predictus
924 2817 985 2859 Prior
1002 2818 1029 2861 de

159 2878 219 2922 Four
229 2881 253 2922 in
266 2883 407 2937 pensionem,
420 2886 510 2925 centum
526 2883 611 2926 circiter
627 2885 719 2928 florenos
731 2886 820 2941 gallicos
836 2887 956 2929 Kilmoren.
968 2887 1027 2945 Epo.

157 2952 275 3005 quotannis
296 2953 446 3007 persolvebat;
464 2968 525 3010 quar.
543 2954 677 2998 decimarum
688 2955 774 2998 defectu
792 2955 887 3010 plurima
903 2956 989 3010 Glerus,
1006 2964 1028 3002 et

128 3029 130 3032 ’
158 3020 252 3077 populus
263 3021 385 3065 Kilmcrena
398 3025 522 3067 sustinebat
533 3025 677 3077 incommoda,
690 3040 741 3069 cum
752 3026 904 3070 deficientibus
915 3029 995 3074 mediis
1007 3036 1029 3074 et
