2416 3337
426 165 570 194 sprclnnurun
586 164 728 193 OSSORIENSE.
971 146 1013 194 167

149 312 286 356 salubriorib.
299 312 379 354 studiis
391 311 573 366 superseminavit
585 309 705 353 salebrosas
716 310 867 361 necessitates,
879 313 902 351 et
913 309 1014 364 spiritum

147 382 333 433 contradictionis,
341 381 404 438 qbus.
414 382 555 438 extirpandis,
563 382 649 424 utinam
656 396 706 425 cum
716 381 809 424 aliorum
815 380 933 423 sedulitate
942 379 1013 421 deser·

148 454 192 496 viat
213 456 304 495 conatus
325 465 389 494 meus
409 452 560 508 qualisqualis,
572 466 686 509 quemcrc
704 453 878 508 omnipotentem
896 451 976 501 Deum,
988 453 1014 492 ut

146 524 259 567 charitatis
269 523 339 579 ipsius
349 523 400 580 igne
410 523 540 574 inflammet,
555 538 583 566 nc
593 523 646 580 quid
657 523 730 566 effluat
742 523 841 576 dicendo,
849 522 884 566 rel
892 522 1014 572 scribendo,

145 594 180 638 rel
198 594 283 637 excidat
304 594 432 645 omittendo,
449 594 485 651 qd.
503 594 613 651 pertineat
631 594 658 637 ad
675 608 779 645 amorem,
795 597 816 636 et
832 593 1011 643 sollicitudinem,

145 680 210 722 quem
226 680 291 709 vareo
312 669 335 708 et
354 679 406 722 gero
424 680 476 722 erga
496 665 621 717 Dioeceses,
640 669 662 708 et
680 679 770 722 gregem
791 664 847 707 mihi
858 665 1011 707 commissum.

146 737 239 789 Quidam
250 738 310 780 enim
320 737 420 793 Reglres.
430 737 571 794 indignantes
582 738 702 794 quidquam
710 737 824 788 libertatis,
835 741 874 780 aut
881 736 1012 779 facultatum

144 808 198 864 ipsis
205 808 279 860 adimi,
288 811 352 864 pacto
360 808 416 850 inito
428 812 552 850 statuerunt
560 808 617 850 mihi
625 823 664 864 pro
672 808 755 852 viribus
764 808 876 861 obsistere,
886 823 911 851 ac
918 808 1011 864 proinde

143 879 166 920 in
176 893 212 920 me
223 879 310 935 linguas
322 892 373 920 suas
384 883 524 930 exacuerunt,
535 879 558 920 in
569 880 701 934 promiscuis
711 880 817 923 laicorum
827 879 942 936 colloquiis
953 880 1010 922 mihi

143 948 264 1000 detrahere,
276 952 298 990 ct
315 947 419 1002 pratibus
436 961 468 989 rac
484 948 574 1002 injuriis
591 963 680 991 cicercrc
691 950 779 1004 saepias
798 951 847 992 cirisi
858 955 919 1002 sunt,
937 955 958 993 et
971 951 1009 1008 qd.

143 1018 239 1062 deterius
255 1023 295 1070 est,
308 1018 459 1060 auctoritatem
474 1018 498 1062 S.
510 1018 577 1060 Ponti
591 1019 624 1061 cis
635 1019 691 1061 circa
704 1021 865 1062 restrictionem
880 1021 1011 1063 facultatum

142 1104 186 1132 aaa
197 1090 322 1133 contrairi
332 1104 430 1132 rccccarc
441 1090 465 1131 ia
476 1089 572 1141 clabiam,
585 1094 607 1132 et
617 1091 679 1146 prepi
689 1104 734 1132 nico
745 1095 843 1147 utcumq.
853 1095 962 1148 poterant,
973 1107 1011 1148 per

142 1161 274 1204 clanculares
285 1161 430 1204 detractiones
441 1174 474 1202 arc
484 1160 573 1203 rcddcrc
585 1161 699 1210 carasca·
716 1161 752 1217 qd.
765 1176 830 1218 quam
842 1163 872 1204 sit
886 1163 1011 1205 animarum

143 1232 208 1274 saluti
220 1236 241 1274 et
251 1232 355 1288 regimini
366 1231 499 1287 oppositum,
511 1245 576 1273 nemo
587 1246 633 1273 non
644 1232 710 1274 videt.

185 1303 274 1345 Praeter
297 1302 468 1345 sollicitudinem
493 1302 572 1357 gregis,
592 1302 695 1345 incubuit
720 1303 788 1345 etiam
809 1303 865 1345 mihi
886 1303 1010 1348 Vicariatns

141 1374 207 1430 gnlis.
229 1374 329 1416 omnium
349 1373 646 1416 McnasteriommOrdinis
669 1373 797 1417 Canonicor.
818 1374 963 1431 Regularium
986 1376 1009 1419 S.
1071 1403 1073 1407 ‹

140 1445 263 1500 Augustini
273 1445 296 1486 in
305 1444 420 1496 Hibernia,
430 1458 454 1486 ac
464 1458 503 1500 pro
513 1445 608 1501 injuncti
615 1445 714 1487 muneris
724 1446 842 1502 exigentia,
854 1446 956 1489 solertem
967 1448 1009 1490 feci

139 1516 267 1572 indaginem
285 1516 312 1558 de
329 1516 358 1558 iis
367 1530 373 1567 ;
390 1515 524 1571 deprehendi
541 1520 616 1558 autem
631 1516 750 1559 monachos
770 1517 928 1561 Cistercienses
943 1533 1008 1561 usur-

139 1601 203 1644 passe
220 1587 264 1628 tria
274 1586 353 1629 saltem
371 1587 511 1638 monasteria,
522 1587 637 1642 praecipue
647 1585 765 1628 Abbatiam
775 1587 802 1629 de
812 1587 904 1630 blotalia
920 1593 1008 1632 nostrae

139 1659 261 1701 Lismcrcn.
282 1656 403 1708 Dioecesis,
415 1671 481 1712 quam
496 1671 535 1712 per
550 1656 715 1712 subreptionem
725 1672 738 1699 a
750 1656 805 1700 Sede
820 1657 948 1714 Apostolica
967 1660 1009 1702 im-

137 1730 231 1786 patravit
241 1728 330 1785 quidam
346 1728 506 1779 cisterciencis,
527 1743 626 1771 asserens
645 1729 739 1772 essesui
758 1729 854 1781 Ordinis,
875 1745 898 1773 ao
917 1732 1008 1787 proinde

138 1815 241 1858 arrogans
256 1791 298 1843 sibi
311 1799 488 1856 jurisdictionem
502 1801 525 1842 in
539 1800 648 1856 parochiis
659 1800 750 1843 annexis
765 1801 815 1843 illae
832 1801 946 1854 Abbatiac,
963 1817 1008 1847 non

137 1874 185 1917 sine
195 1872 302 1915 eminenti
311 1872 435 1914 animarum
445 1871 547 1927 periculo.
580 1872 623 1914 Sed
633 1875 748 1928 praetenso
755 1872 789 1914 1111
798 1871 880 1916 Abbati
890 1874 1008 1918 manifeste

136 1943 284 1986 demonstrari
302 1957 329 1984 ex
339 1941 402 1984 libris
413 1942 522 1984 Tanarum
537 1942 621 1985 Rndac.
634 1942 737 1984 Gamerae
748 1941 896 1998 Apostolicae,
912 1959 939 1987 ex
949 1947 1006 1989 anti-

136 2014 185 2070 quis
195 2012 346 2055 monumentis
360 2012 430 2067 ipsius
441 2012 555 2064 Abbatiae,
575 2027 602 2055 ex
612 2012 747 2054 authenticis
763 2016 785 2055 et
795 2014 905 2056 veteribus
921 2016 1004 2060 instru-

135 2085 216 2127 mentis
234 2083 353 2126 confinium
368 2082 488 2133 Dcrninor,
508 2097 534 2125 ex
551 2083 654 2139 Registro
673 2084 762 2138 antiquo
780 2083 829 2138 Epi.
842 2083 1002 2129 Waterforden.

135 2156 204 2211 aliisq.
214 2153 291 2197 multis
302 2152 438 2208 argumentis
444 2153 563 2207 praefatam
571 2153 689 2195 Abbatiam
700 2153 726 2195 de
745 2153 837 2195 Motalia
844 2168 893 2197 esse
913 2156 1002 2200 Ordinis

135 2225 260 2268 Canonicor.
272 2224 394 2280 Reglrium.
407 2223 429 2265 S.
441 2222 567 2279 Augustini
602 2223 644 2266 Sed
654 2227 784 2279 praetensae
795 2224 838 2266 iste
848 2225 924 2268 Abbas
935 2228 1003 2271 nullis

71 2303 72 2307 ’
134 2297 181 2339 vult
199 2296 273 2338 cedere
289 2293 417 2344 rationibus,
437 2297 475 2335 aut
491 2293 549 2335 duur.
561 2293 596 2337 vel
605 2295 674 2336 trium
690 2294 818 2350 Episcopor.
834 2295 919 2351 judicic
938 2302 1002 2349 stare,

134 2369 204 2411 fretus
212 2367 300 2424 quidem
309 2366 424 2422 iniquitate
432 2365 544 2421 temporis,
554 2380 597 2421 quo
608 2379 653 2408 non
664 2370 698 2409 est
705 2366 758 2408 adeo
764 2367 877 2422 integrum
885 2368 1004 2426 Episcopis

136 2439 157 2481 S.
173 2438 294 2489 Pontificis,
312 2440 350 2479 aut
367 2435 459 2479 Eccliar.
474 2436 524 2492 jura
541 2436 659 2487 vindicare,
677 2440 715 2479 aut
732 2437 829 2492 injustos
848 2437 974 2482 detentores
990 2456 1003 2483 a

134 2508 264 2565 subreptitia
273 2507 412 2563 possessione
420 2506 541 2550 deturbare.
810 2518 812 2521 ’

179 2580 207 2623 Id
218 2580 284 2623 etiarn
294 2579 353 2621 inter
363 2578 498 2622 visitandum
509 2578 617 2631 adnotavi,
630 2579 689 2636 quod
699 2568 830 2637 quamplura
839 2579 897 2623 bona
907 2580 1001 2623 Ecclica.

134 2651 160 2694 de
174 2652 224 2707 jure
240 2650 373 2707 pertinentia
389 2650 469 2705 partim
486 2650 513 2693 ad
529 2650 665 2706 Episcopum
681 2650 761 2707 partim
780 2651 808 2693 ad
824 2650 960 2707 dignitarios,
979 2656 1001 2695 et

134 2723 215 2778 partim
230 2722 258 2765 ad
273 2721 379 2777 parochos
388 2722 436 2764 sine
447 2721 493 2764 ulla
501 2721 671 2778 dispensatione,
684 2726 722 2765 aut
732 2736 841 2765 consensa
857 2722 951 2765 eorumd.
963 2723 1001 2779 qui

134 2808 197 2835 curae
209 2794 333 2836 animarum
344 2793 468 2850 invigilant,
488 2798 623 2850 usurpentur
633 2794 731 2837 indebite
748 2809 760 2836 a
776 2794 902 2844 Catholicis,
922 2794 959 2849 qui
975 2809 1000 2837 ea

134 2863 167 2906 vel
186 2862 254 2918 Regis
264 2863 358 2920 Angliae
375 2863 431 2907 dono
448 2864 601 2921 impetrarunt,
617 2865 651 2908 rel
669 2865 695 2908 ab
705 2864 828 2907 Haereticis
843 2863 913 2918 pretio
928 2863 1000 2921 aliquo

135 2934 206 2978 soluto
227 2937 332 2976 emerunt.
375 2934 417 2985 Qui
433 2933 521 2990 quidem
547 2935 654 2979 Catholici
675 2934 788 2992 quorumd.
810 2932 1000 2979 missicnariorum
