2416 3337
193 201 236 243 154
480 215 624 246 srrornncruu
640 215 782 247 osscrunusn.

192 361 318 408 Catholicos
329 365 432 417 fautores,
444 365 555 422 indigenis
566 365 658 409 aliorum
669 367 743 410 decem
754 366 928 423 Episcopatuurn
938 364 1061 408 Armacano
1092 387 1093 390 =

192 433 348 490 subjectorum,
357 437 393 493 qni
403 436 469 480 fidem
476 436 620 480 orthodoxam
627 442 715 481 strenue
724 441 799 480 contra
806 437 926 480 haereticos
936 451 1060 494 propugna-

191 509 252 556 runt,
264 507 351 550 ridetur
368 509 459 551 omnino
475 508 640 562 inconveniens,
658 510 753 551 manime
770 523 820 551 cum
839 522 865 550 ex
880 507 915 551 his
926 509 1062 564 reperiantur

192 576 297 632 subjecta,
309 593 354 621 non
366 579 437 621 solum
448 578 527 635 populo
538 579 609 634 magis
620 583 689 635 grata,
701 580 739 622 sed
755 580 822 621 etiarn
833 579 904 634 magis
915 583 965 634 apta
975 582 998 622 et
1014 580 1069 623 sine*

191 649 354 703 comparatione
364 650 435 705 magis
445 649 549 705 proficua.

237 720 260 760 8Ο
275 720 341 763 Dices
356 735 382 762 ex
396 721 472 763 ordine
489 719 602 761 crinorum
612 723 657 761 tres
668 733 716 762 esse
732 719 854 774 Episcopcs
870 719 893 760 in
904 719 1018 771 Hibernia,
1037 735 1061 762 ac

190 794 351 846 consequentur
361 805 388 832 ne
399 789 577 831 Praedicatorum
586 789 638 831 ordo
646 790 726 844 pejoris
734 789 834 831 videatur
845 788 985 841 conditionis,
994 804 1058 845 expe-

189 859 235 902 dire
245 861 381 915 praedictum
391 860 482 902 Patrem
492 859 520 901 ad
530 859 691 916 Episcopatum
701 874 837 916 promouere.

231 930 526 987 Respondetnradmittendo
535 931 654 987 expediens
662 946 709 975 esse
717 947 769 975 eum
776 932 1058 989 adEpiscopatumpromo·

187 1002 239 1052 veri,
249 1002 289 1044 sed
296 1003 371 1045 nonin
379 1002 479 1055 Uitonia,
488 1005 537 1044 tum
546 1002 573 1045 ob
582 1003 679 1046 rationes
685 1004 732 1059 jam
741 1004 843 1059 superius
854 1003 925 1054 datus,
935 1005 1059 1046 tumetium

187 1073 239 1127 qnia
250 1074 327 1116 nuilus
338 1073 405 1130 hujus
414 1073 514 1117 instituti
524 1074 634 1130 reperitur
640 1075 663 1116 in
670 1078 717 1118 tota
723 1075 828 1118 Ultonia:
847 1078 869 1117 et
880 1075 965 1131 qnando
976 1075 1059 1118 dicitur

187 1158 232 1186 non
244 1145 346 1200 expedire
362 1145 462 1188 ordinem
477 1145 656 1188 Praedicatorum
672 1159 720 1188 esse
735 1146 817 1201 pejoris
834 1145 966 1187 conditionis
982 1147 1058 1188 ordine

187 1215 307 1267 minorum7
324 1216 465 1259 verissimum
476 1219 509 1258 est
525 1215 563 1257 nbi
573 1230 649 1258 eorum
664 1216 744 1258 merita
760 1219 812 1258 sunt
828 1215 939 1271 aequalia:
957 1215 1057 1258 sednon

186 1290 240 1329 sunt
250 1287 348 1343 aequalia
358 1289 381 1329 in
391 1287 514 1330 Hibernia:
526 1301 577 1328 nam
587 1287 611 1328 in
622 1286 730 1328 Hibernia
738 1286 880 1328 Dominioani
889 1286 920 1328 ita
931 1285 1057 1329 defecerunt

185 1361 210 1399 ut
221 1358 322 1400 ambitis
333 1359 397 1400 annis
415 1372 461 1401 non
479 1356 597 1399 habuerint
614 1356 782 1407 Prorinciaiem,
802 1356 1027 1413 antehuncquijam
1043 1373 1056 1400 a

185 1428 290 1471 decennio
311 1432 345 1472 est
364 1429 514 1480 continuatus,
536 1443 561 1471 eo
585 1427 644 1484 quod
661 1428 710 1470 aliis
729 1427 834 1484 subjectis
854 1428 938 1471 idoneis
959 1433 1054 1472 careant.

184 1498 242 1541 Ordo
253 1503 328 1541 tamen
339 1499 453 1542 Minorem
464 1513 550 1555 semper
559 1499 706 1555 perseveravit
716 1499 740 1540 in
751 1513 792 1542 suo
803 1498 877 1554 rigore
888 1503 910 1541 et
920 1498 971 1541 flore
983 1514 1055 1555 neque

183 1570 304 1613 ullomodo
316 1570 401 1622 defecit,
419 1571 458 1613 sed
468 1570 495 1613 ab
510 1570 574 1613 initio
587 1570 719 1612 Schismatis
726 1568 845 1626 Anglicani
855 1584 924 1626 usque
934 1571 957 1612 in
968 1571 1054 1614 hodier-

183 1656 237 1684 num
248 1642 307 1684 diem
319 1646 407 1685 strenue
417 1643 442 1684 in
453 1642 516 1684 vinea
531 1641 625 1683 Domini
634 1641 740 1684 laboravit
751 1641 877 1684 Cathoiioos
888 1642 911 1683 in
922 1642 965 1684 fide
975 1643 1053 1685 confir-

183 1712 264 1754 mando
271 1717 293 1755 et
302 1717 376 1755 contra
383 1711 618 1754 haereticosindefesse
625 1712 748 1754 animando¹
757 1712 1054 1769 Meritaetiampersonarum

184 1787 206 1824 et
215 1777 303 1825 talenta
310 1783 425 1838 utriusque
436 1782 521 1825 ordinis
532 1782 653 1825 suntralde
663 1782 763 1838 imparia,
773 1797 880 1826 numerus
888 1783 941 1826 item
952 1784 1002 1840 quia
1013 1784 1054 1826 soii

183 1855 349 1897 concionatores
369 1855 463 1897 fratrum
484 1853 598 1895 Minorum
624 1854 732 1896 excedunt
752 1854 819 1911 dupio
839 1858 912 1897 toturn
935 1869 1053 1898 nnmerum

184 1926 273 1968 Ordinis
290 1926 481 1968 Praedicatorum:
497 1939 521 1967 ao
538 1924 630 1980 proinde
647 1939 691 1967 non
708 1925 789 1968 debent
807 1939 870 1981 aegre
886 1926 947 1978 ferre,
959 1926 1018 1982 quod
1028 1928 1052 1969 in

181 1996 290 2038 Hibernia
301 2000 323 2039 et
341 1997 470 2052 praesertim
487 1996 510 2037 in
530 1996 641 2051 provincia
660 1996 770 2048 Ultoniae,
789 1996 827 2039 nbi
838 1997 949 2039 neminem
959 1997 1050 2049 habent,

180 2068 257 2111 iratres
269 2069 366 2111 minores
376 2068 408 2110 eis
417 2067 575 2124 praeferantur,
593 2067 675 2109 numid
687 2068 798 2111 minorum
808 2068 894 2120 merita,
904 2070 1051 2113 numerositas

179 2144 201 2183 et
212 2140 297 2183 talenta
307 2141 396 2197 exigant
407 2140 435 2183 ad
446 2153 502 2197 quae
513 2138 585 2181 adhuc
596 2153 642 2182 non
653 2139 760 2182 accedunt
771 2140 919 2183 Dominioani.

217 2272 376 2326 Proponoatar
391 2271 478 2326 6116606
495 2270 673 2312 adversaremur
689 2270 817 2325 objectiones
833 2270 905 2326 cisque
920 2272 1008 2326 satisfit.

224 2353 247 2394 9⁰
261 2352 336 2393 Prima
343 2352 445 2407 objectio:
457 2351 600 2394 Uitcnienses
607 2366 684 2395 omnes
693 2357 746 2396 sunt
753 2354 824 2398 odiosi
832 2353 920 2409 Anglis,
926 2368 950 2395 ac
956 2354 1049 2409 proinde

179 2435 224 2464 non
235 2422 337 2463 conuenit
347 2422 418 2463 nilum
429 2435 505 2464 eorum
520 2422 633 2465 Ecclesiae
643 2423 778 2467 Armacanae
789 2425 911 2480 praeficere,
924 2424 974 2479 qnia
992 2424 1048 2467 111111

177 2491 234 2533 nihii
245 2491 306 2532 aliud
316 2491 378 2542 foret,
390 2505 457 2547 quam
466 2491 585 2535 haereticos
596 2494 689 2547 irritare,
701 2496 779 2550 eisque
790 2495 927 2538 occasionem
943 2495 1047 2549 praebere

179 2563 305 2605 Oatholicos
315 2563 419 2605 infestius
433 2564 585 2618 persequendi.

220 2634 284 2676 Haec
303 2633 394 2690 objectio
414 2637 449 2676 est
464 2633 636 2679 adversariorum
650 2637 757 2680 Achilles.
799 2636 952 2692 Respondetur
972 2640 1046 2682 tamen

175 2706 256 2749 falsum
265 2720 315 2749 esse
325 2705 448 2747 haereticos
459 2704 485 2746 ab
492 2707 652 2760 promotionem
664 2708 758 2763 alicujus
767 2707 907 2750 Ultoniensis
918 2712 1045 2763 sumpturos

174 2778 312 2821 occasionem
321 2776 447 2820 Catholicos
455 2775 506 2833 plus
516 2777 669 2833 persequendi.
702 2777 766 2829 Quod
776 2780 835 2833 patet
846 2777 943 2833 exemplo
951 2778 1045 2823 duorum

174 2848 256 2904 Epum.
276 2848 446 2892 Ultoniensium
464 2847 491 2889 de
509 2847 565 2889 facto
581 2848 604 2889 in
624 2848 696 2903 patria
710 2847 865 2899 laborantium,
878 2848 975 2905 exemplo
990 2850 1044 2893 item

174 2921 242 2964 bonae
253 2921 372 2964 memoriae
379 2920 409 2964 D.
418 2918 531 2975 Archiepi.
543 2919 689 2962 Dublinensis
699 2920 797 2977 Eugenii
808 2919 906 2963 Mathaei
916 2936 942 2964 en
953 2921 1044 2966 Ultonia

175 2992 261 3035 oriundi
277 2997 299 3035 et
310 2991 470 3049 consanguinei
487 2991 576 3033 Exmfflm'
584 2989 636 3032 DD.
649 2990 761 3034 Comitum
771 2991 879 3047 Tyroniae
894 2996 915 3035 et
926 2992 1042 3049 Tyrocnal·

175 3062 223 3115 liae,
240 3065 280 3118 qui
296 3080 373 3109 novem
389 3064 503 3109 continuis
522 3063 586 3107 annis
607 3064 668 3120 gregi
690 3078 730 3107 suo
752 3078 839 3108 summa
859 3079 909 3108 cum
929 3065 1043 3123 vigilantia
