2416 3337
206 140 234 181 66
489 148 634 180 snrcruucrun
651 148 795 180 assentanea.

204 301 271 343 eiiam
281 301 301 344 si
310 300 393 344 velleni
401 300 525 345 remedium
535 298 580 342 illis
591 300 646 341 ferre
656 301 855 355 possent—lanius
865 301 899 341 esi
907 302 1024 355 apparebas
1031 302 1080 341 iau·

203 376 271 430 taque
281 374 380 430 pobenbia
388 375 436 430 jam
446 372 576 429 duplorum,
593 375 615 414 ei
629 370 671 413 hoc
687 386 714 413 ex
729 384 785 413 nova
800 370 897 413 amicilia
907 385 1006 428 novoque
1017 374 1080 427 paclo

205 445 263 487 facio
275 459 326 488 cum
337 446 473 502 principibus
484 448 506 487 eb
517 443 643 487 civitatibus
654 434 794 493 Germaniae,
806 445 831 483 ub
843 456 888 484 non
902 444 949 498 y'am
959 443 1080 486 Hiberniae

205 520 295 559 lanium
305 517 409 559 imminet
419 517 512 559 exilium
523 514 587 571 quale
598 526 712 569 nunquam
721 515 793 563 antea,
803 512 841 555 sed
852 516 874 554 eb
886 512 977 565 Scobiae,
988 513 1079 564 Galliae,

206 588 330 642 Flaudn'ae,
341 588 453 643 totiusque
464 588 576 642 Europae,
607 583 712 626 Atiamen
725 583 745 625 si
757 581 806 624 HS.
822 583 894 637 placei
910 588 935 625 ut
946 597 986 639 ego
997 584 1024 627 ab
1040 583 1080 625 hac

206 659 316 714 legaiione
327 657 434 700 desisiarn
444 656 592 700 libentissimo
608 655 682 696 anime
697 653 776 694 faciam
792 652 823 693 ila
839 656 864 694 ui
874 652 1081 697 obedienlissimum

207 729 319 771 servulum
330 727 399 779 deaei,
413 727 547 781 domumque
558 724 594 766 ibo
609 726 629 765 eb
644 722 725 764 collum
743 722 814 764 securi
828 722 960 778 praeparabo
975 725 1080 779 quemad-

205 798 297 840 modum
307 801 329 839 et
339 810 430 839 necesse
441 800 476 839 esi
485 794 587 850 pluribus
598 793 646 835 aliis
658 793 728 834 faeere
738 792 783 833 nisi
794 792 901 836 divinitus
916 793 980 836 nobis
991 795 1079 837 aliunde

203 867 327 908 remedium
337 866 430 907 allabum
440 866 514 907 fuerit.
548 862 643 906 Obsecro
652 862 708 905 D.V.
719 862 793 904 fflmam.
803 867 828 905 ui
839 862 895 906 mihi
901 864 1006 907 rescribat
1013 880 1078 921 quam

203 936 246 978 cibo
255 936 341 991 polerit,
351 935 405 991 quid
414 934 463 978 SE.
472 934 546 977 inhac
554 934 677 985 revidetur,
685 932 768 976 velitne
777 933 860 990 Regem
869 933 1007 978 Oalholicum
1017 949 1079 991 opem

203 1006 259 1047 ferre
276 1020 304 1048 an
319 1019 372 1056 non,
385 1009 408 1047 ei
423 1004 477 1061 quid
492 1019 529 1047 me
544 1004 614 1046 facere
627 1004 688 1055 velit,
700 1018 752 1046 nam
766 1018 856 1047 neeesse
867 1009 901 1048 esb
911 1006 967 1048 mihi
981 1006 1045 1049 breve
1056 1007 1079 1047 in

203 1078 298 1133 pairiam
310 1077 381 1119 redire
391 1081 418 1120 ub
429 1077 492 1133 gregi
497 1075 680 1118 mihicommisso
688 1077 828 1131 prospiciam.
851 1077 933 1133 Scripsi
944 1081 1008 1120 aulea
1019 1077 1077 1119 D.V.
1121 1073 1123 1076 ’

205 1147 274 1190 fflmae·
289 1162 332 1204 quc
343 1151 407 1204 paolo
419 1148 501 1190 Prorex
518 1146 639 1190 Hiberniae
657 1147 679 1189 ri
697 1147 830 1203 expugnavit
841 1147 956 1189 castellum
967 1147 1076 1203 quoddam

205 1232 280 1261 meum
292 1223 357 1275 alque
376 1220 436 1261 inber
453 1222 539 1261 caetera
558 1222 580 1260 eb
600 1217 695 1259 Pallium
714 1231 800 1273 quoque
811 1217 910 1259 abstulii.
938 1218 992 1260 Misi
1002 1222 1077 1260 aulem

204 1290 300 1331 Romam
311 1293 336 1332 ul
345 1289 394 1332 HS.
402 1289 458 1331 milri
466 1289 523 1331 illud
529 1302 606 1331 rursus
615 1288 741 1330 concederei
749 1288 789 1342 qui
798 1288 912 1343 respondii
922 1291 975 1330 bunc
986 1302 1010 1332 se
1021 1290 1077 1332 mis·

205 1372 290 1410 surum,
303 1374 353 1402 eum
365 1359 392 1401 ad
403 1360 518 1402 ecclesiam
528 1373 602 1401 meam
612 1358 702 1402 rediero.
733 1358 846 1414 Inrenigar
855 1358 913 1401 DN.
921 1359 980 1400 fflma.
988 1373 1025 1402 me
1033 1374 1077 1403 non

203 1429 395 1485 posse-commode
408 1443 458 1471 cum
471 1429 513 1471 sim
524 1429 548 1471 iu
559 1430 630 1484 patria
643 1429 749 1471 nuncium
766 1428 860 1484 aliquem
870 1428 964 1471 Romam
982 1431 1076 1481 millene,

204 1513 245 1541 nee
253 1500 349 1541 nuncius
359 1498 439 1554 aliquis
448 1498 564 1540 commode
571 1498 642 1540 Roma
650 1499 719 1541 adme
726 1499 892 1554 yenirepoierib,
898 1499 1078 1543 namfereomnes

203 1573 283 1625 perias
294 1569 416 1611 Hiberniae
429 1568 455 1610 ab
466 1568 547 1623 Anglis
558 1573 699 1623 occupanbur.
731 1569 804 1611 Mulio
820 1569 955 1611 commodius
971 1571 1013 1612 erii
1029 1573 1076 1627 jam

205 1638 233 1680 ad
245 1638 392 1680 secretarium
405 1638 475 1693 anas
486 1639 568 1692 quiesi
578 1637 634 1693 Regi
651 1638 764 1681 Oaiholico
774 1640 797 1680 in
814 1640 903 1681 seeretis
918 1654 992 1682 rerum
1004 1644 1076 1683 slatus

205 1723 245 1766 per
255 1713 365 1752 oralorem
376 1709 499 1763 Hispaniae
509 1709 604 1760 millere,
616 1723 668 1751 nam
679 1710 711 1751 iia
726 1710 753 1752 ad
769 1724 804 1752 me
820 1709 931 1752 devenerii
942 1715 993 1753 anie
1010 1726 1076 1768 quani

206 1779 305 1822 discedeb
320 1778 346 1821 ab
360 1779 403 1821 liae
417 1779 473 1821 aula,
504 1779 532 1820 ln
547 1793 589 1835 quo
604 1779 692 1834 quidem
706 1780 842 1835 impebrando
854 1795 866 1822 a
882 1780 931 1823 HS.
944 1795 1007 1836 spero
1019 1782 1076 1825 D.V.

205 1851 375 1906 firmem-operam
381 1864 445 1892 suam
451 1853 582 1892 naraiurum
590 1851 775 1906 quemadmodum
782 1854 802 1894 ea
809 1852 832 1893 in
840 1852 941 1895 omnibus
949 1853 1005 1894 meis
1013 1852 1078 1895 rebus

206 1919 1077 1976 sempersemilaipraebuibdominumClementissimumebpalremsolliciium.
1102 1932 1104 1935 ·

237 1992 352 2036 urach-iaie
365 1992 419 2043 Gal,
431 1991 537 2047 Augusbi,
551 1992 615 2036 1570.

295 2062 352 2106 D'V¹
365 2062 433 2105 Iflmae.
445 2065 467 2105 ef]
477 2063 538 2105 Ranae.

599 2120 700 2163 Humilis
710 2134 735 2162 ae
745 2119 854 2163 minimus
866 2119 946 2164 Servus

720 2189 839 2232 Macrinus
851 2190 987 2234 Gasselensis

841 2262 1032 2320 Archiepiscopus.

207 2376 450 2431 §d-llleraorcadaue
462 2376 577 2430 presented
591 2383 611 2418 ao
626 2377 660 2419 the
674 2377 773 2432 Spareisb
786 2377 847 2432 Kiep
858 2377 884 2431 by
896 2377 930 2419 ebe
939 2377 1077 2437 Arebbe'sleep

582 2446 608 2500 of
621 2447 707 2490 Ocslael.

238 2530 377 2586 blanuscripi
387 2531 452 2587 giren
464 2533 486 2573 lo
498 2544 534 2572 me
546 2528 574 2585 by
580 2516 622 2572 'ahe
632 2530 773 2586 Archbislrop
788 2530 811 2571 of
826 2530 904 2573 Oaslrel
914 2531 937 2574 in
949 2532 1044 2576 Madrid.

783 2611 834 2654 lora
843 2613 967 2667 December,
980 2617 1046 2661 1570.

206 2672 272 2715 Mosr
288 2671 403 2720 Hononan
419 2670 491 2722 Lonu,

296 2742 324 2784 In
336 2742 401 2784 order
411 2745 434 2783 lo
446 2739 504 2783 fulfil
515 2754 553 2795 my
564 2739 617 2795 duty
627 2739 721 2783 towards
732 2754 786 2795 your
796 2739 891 2798 Majesly
901 2743 944 2785 and
955 2747 977 2785 lo
988 2745 1075 2799 myself,

205 2815 218 2857 I
228 2828 354 2858 cemmence
364 2813 394 2868 by
405 2813 527 2868 unloading
538 2826 575 2866 my
584 2813 719 2863 conscience,
732 2813 775 2854 and
785 2813 905 2869 informing
915 2829 969 2869 your
980 2815 1076 2872 lllajesby

206 2885 229 2927 of
238 2885 276 2928 'che
290 2885 403 2941 following
419 2883 558 2940 particulam,
575 2881 624 2924 aher
639 2881 678 2924 ilie
694 2896 752 2925 news
768 2897 817 2939 may
832 2884 898 2926 reaclr
910 2898 965 2939 your
981 2885 1077 2942 llajesry

206 2955 278 2998 before
289 2957 301 2998 l
312 2957 388 3012 deperi
399 2957 483 3009 laenam
501 2955 535 2998 for
551 2954 590 2997 ilie
600 2949 654 2997 lime
666 2954 797 3011 approaches
809 2955 857 2999 ibai
867 2957 880 2999 l
891 2956 970 3000 should
986 2972 1014 3013 go
1032 2957 1075 3000 and

208 3025 256 3080 give
267 3039 294 3068 an
306 3031 398 3070 account
408 3027 431 3070 of
441 3025 523 3082 mysell
533 3029 555 3068 io
566 3038 603 3080 my
613 3025 707 3080 princes.
812 3020 815 3023 ’
