<?xml version="1.0" encoding="UTF-8"?>
<!DOCTYPE html PUBLIC "-//W3C//DTD XHTML 1.0 Transitional//EN"
    "http://www.w3.org/TR/xhtml1/DTD/xhtml1-transitional.dtd">
<html xmlns="http://www.w3.org/1999/xhtml" xml:lang="en" lang="en">
 <head>
  <title>
</title>
<meta http-equiv="Content-Type" content="text/html;charset=utf-8" />
  <meta name='ocr-system' content='tesseract 3.04.00' />
  <meta name='ocr-capabilities' content='ocr_page ocr_carea ocr_par ocr_line ocrx_word'/>
</head>
<body>
  <div class='ocr_page' id='page_1' title='image "MN5019ucmf_0_0270.png"; bbox 0 0 2416 3337; ppageno 0'>
   <div class='ocr_carea' id='block_1_1' title="bbox 466 140 1058 182">
    <p class='ocr_par' dir='ltr' id='par_1_1' title="bbox 466 140 1058 182">
     <span class='ocr_line' id='line_1_1' title="bbox 466 140 1058 182; baseline 0.005 -3"><span class='ocrx_word' id='word_1_1' title='bbox 466 149 612 180; x_wconf 75' lang='lat' dir='ltr'><strong>srrcruncruu</strong></span> <span class='ocrx_word' id='word_1_2' title='bbox 628 149 770 181; x_wconf 78' lang='lat' dir='ltr'><strong>ossornuusn.</strong></span> <span class='ocrx_word' id='word_1_3' title='bbox 1013 140 1058 182; x_wconf 79' lang='lat'><strong>239</strong></span> 
     </span>
    </p>
   </div>
   <div class='ocr_carea' id='block_1_2' title="bbox 176 294 1059 2242">
    <p class='ocr_par' dir='ltr' id='par_1_2' title="bbox 176 294 1059 2242">
     <span class='ocr_line' id='line_1_2' title="bbox 184 294 1057 349; baseline 0 -9"><span class='ocrx_word' id='word_1_4' title='bbox 184 296 328 340; x_wconf 83' lang='lat' dir='ltr'><strong>facultatibus</strong></span> <span class='ocrx_word' id='word_1_5' title='bbox 339 294 453 336; x_wconf 83' lang='lat' dir='ltr'><strong>exhaustis</strong></span> <span class='ocrx_word' id='word_1_6' title='bbox 468 297 579 349; x_wconf 86' lang='lat' dir='ltr'><strong>gravatur,</strong></span> <span class='ocrx_word' id='word_1_7' title='bbox 597 298 623 336; x_wconf 88' lang='lat' dir='ltr'><strong>ut</strong></span> <span class='ocrx_word' id='word_1_8' title='bbox 639 294 722 336; x_wconf 85' lang='lat' dir='ltr'><strong>nedum</strong></span> <span class='ocrx_word' id='word_1_9' title='bbox 739 295 781 336; x_wconf 88' lang='lat' dir='ltr'><strong>sibi</strong></span> <span class='ocrx_word' id='word_1_10' title='bbox 798 294 905 346; x_wconf 77' lang='lat' dir='ltr'><strong>sufficiat3</strong></span> <span class='ocrx_word' id='word_1_11' title='bbox 923 299 945 337; x_wconf 87' lang='lat' dir='ltr'><strong>et</strong></span> <span class='ocrx_word' id='word_1_12' title='bbox 955 296 986 337; x_wconf 87' lang='lat' dir='ltr'><strong>ita</strong></span> <span class='ocrx_word' id='word_1_13' title='bbox 996 310 1057 349; x_wconf 87' lang='lat' dir='ltr'><strong>sane,</strong></span> 
     </span>
     <span class='ocr_line' id='line_1_3' title="bbox 184 364 1058 421; baseline -0.001 -11"><span class='ocrx_word' id='word_1_14' title='bbox 184 373 210 410; x_wconf 91' lang='lat' dir='ltr'><strong>ut</strong></span> <span class='ocrx_word' id='word_1_15' title='bbox 220 382 261 409; x_wconf 88' lang='lat' dir='ltr'><strong>nec</strong></span> <span class='ocrx_word' id='word_1_16' title='bbox 269 366 347 409; x_wconf 88' lang='lat' dir='ltr'><strong>miseri</strong></span> <span class='ocrx_word' id='word_1_17' title='bbox 354 366 405 417; x_wconf 89' lang='lat' dir='ltr'><strong>mei,</strong></span> <span class='ocrx_word' id='word_1_18' title='bbox 414 368 436 407; x_wconf 90' lang='lat' dir='ltr'><strong>et</strong></span> <span class='ocrx_word' id='word_1_19' title='bbox 443 365 547 420; x_wconf 88' lang='lat' dir='ltr'><strong>perpacui</strong></span> <span class='ocrx_word' id='word_1_20' title='bbox 558 379 651 408; x_wconf 85' lang='lat' dir='ltr'><strong>numero</strong></span> <span class='ocrx_word' id='word_1_21' title='bbox 660 368 759 420; x_wconf 89' lang='lat' dir='ltr'><strong>pastores</strong></span> <span class='ocrx_word' id='word_1_22' title='bbox 769 364 876 420; x_wconf 87' lang='lat' dir='ltr'><strong>apopulo,</strong></span> <span class='ocrx_word' id='word_1_23' title='bbox 885 379 926 407; x_wconf 90' lang='lat' dir='ltr'><strong>uec</strong></span> <span class='ocrx_word' id='word_1_24' title='bbox 937 379 976 420; x_wconf 85' lang='lat' dir='ltr'><strong>ego</strong></span> <span class='ocrx_word' id='word_1_25' title='bbox 987 380 1058 421; x_wconf 86' lang='lat' dir='ltr'><strong>apas-</strong></span> 
     </span>
     <span class='ocr_line' id='line_1_4' title="bbox 183 435 1059 492; baseline -0.001 -12"><span class='ocrx_word' id='word_1_26' title='bbox 183 437 269 480; x_wconf 88' lang='lat' dir='ltr'><strong>toribus</strong></span> <span class='ocrx_word' id='word_1_27' title='bbox 279 436 400 492; x_wconf 78' lang='lat' dir='ltr'><strong>quidquam</strong></span> <span class='ocrx_word' id='word_1_28' title='bbox 411 435 510 479; x_wconf 82' lang='lat' dir='ltr'><strong>obtinere</strong></span> <span class='ocrx_word' id='word_1_29' title='bbox 524 436 617 488; x_wconf 84' lang='lat' dir='ltr'><strong>valeam,</strong></span> <span class='ocrx_word' id='word_1_30' title='bbox 635 450 677 492; x_wconf 89' lang='lat' dir='ltr'><strong>quo</strong></span> <span class='ocrx_word' id='word_1_31' title='bbox 688 436 721 488; x_wconf 85' lang='lat' dir='ltr'><strong>fit,</strong></span> <span class='ocrx_word' id='word_1_32' title='bbox 733 439 758 477; x_wconf 89' lang='lat' dir='ltr'><strong>ut</strong></span> <span class='ocrx_word' id='word_1_33' title='bbox 770 435 840 492; x_wconf 79' lang='lat' dir='ltr'><strong>ejusd.</strong></span> <span class='ocrx_word' id='word_1_34' title='bbox 853 435 959 479; x_wconf 83' lang='lat' dir='ltr'><strong>dioecesis</strong></span> <span class='ocrx_word' id='word_1_35' title='bbox 971 450 1059 479; x_wconf 87' lang='lat' dir='ltr'><strong>annuus</strong></span> 
     </span>
     <span class='ocr_line' id='line_1_5' title="bbox 183 505 1058 562; baseline -0.001 -14"><span class='ocrx_word' id='word_1_36' title='bbox 183 505 283 548; x_wconf 86' lang='lat' dir='ltr'><strong>redditus</strong></span> <span class='ocrx_word' id='word_1_37' title='bbox 297 520 326 548; x_wconf 91' lang='lat' dir='ltr'><strong>ne</strong></span> <span class='ocrx_word' id='word_1_38' title='bbox 342 505 376 550; x_wconf 88' lang='lat' dir='ltr'><strong>vel</strong></span> <span class='ocrx_word' id='word_1_39' title='bbox 392 506 483 550; x_wconf 84' lang='lat' dir='ltr'><strong>famulis</strong></span> <span class='ocrx_word' id='word_1_40' title='bbox 499 506 588 562; x_wconf 89' lang='lat' dir='ltr'><strong>quidem</strong></span> <span class='ocrx_word' id='word_1_41' title='bbox 604 506 661 549; x_wconf 85' lang='lat' dir='ltr'><strong>meis</strong></span> <span class='ocrx_word' id='word_1_42' title='bbox 677 505 777 548; x_wconf 85' lang='lat' dir='ltr'><strong>advitae</strong></span> <span class='ocrx_word' id='word_1_43' title='bbox 794 505 980 548; x_wconf 87' lang='lat' dir='ltr'><strong>sustentationem</strong></span> <span class='ocrx_word' id='word_1_44' title='bbox 1000 506 1058 549; x_wconf 90' lang='lat' dir='ltr'><strong>suffi-</strong></span> 
     </span>
     <span class='ocr_line' id='line_1_6' title="bbox 182 576 1059 634; baseline -0.001 -16"><span class='ocrx_word' id='word_1_45' title='bbox 182 577 233 619; x_wconf 89' lang='lat' dir='ltr'><strong>ciat.</strong></span> <span class='ocrx_word' id='word_1_46' title='bbox 272 576 333 619; x_wconf 90' lang='lat' dir='ltr'><strong>Hinc</strong></span> <span class='ocrx_word' id='word_1_47' title='bbox 351 577 401 630; x_wconf 83' lang='lat' dir='ltr'><strong>fuit,</strong></span> <span class='ocrx_word' id='word_1_48' title='bbox 422 579 485 621; x_wconf 85' lang='lat' dir='ltr'><strong>Eme.</strong></span> <span class='ocrx_word' id='word_1_49' title='bbox 504 577 561 620; x_wconf 89' lang='lat' dir='ltr'><strong>Due.</strong></span> <span class='ocrx_word' id='word_1_50' title='bbox 573 577 609 634; x_wconf 75' lang='lat' dir='ltr'><strong>qu,</strong></span> <span class='ocrx_word' id='word_1_51' title='bbox 619 578 666 633; x_wconf 81' lang='lat' dir='ltr'><strong>jam</strong></span> <span class='ocrx_word' id='word_1_52' title='bbox 674 580 726 618; x_wconf 92' lang='lat' dir='ltr'><strong>ante</strong></span> <span class='ocrx_word' id='word_1_53' title='bbox 736 576 860 618; x_wconf 86' lang='lat' dir='ltr'><strong>triennium</strong></span> <span class='ocrx_word' id='word_1_54' title='bbox 867 579 1027 631; x_wconf 86' lang='lat' dir='ltr'><strong>pernepotem,</strong></span> <span class='ocrx_word' id='word_1_55' title='bbox 1037 580 1059 617; x_wconf 91' lang='lat' dir='ltr'><strong>et</strong></span> 
     </span>
     <span class='ocr_line' id='line_1_7' title="bbox 183 644 1058 703; baseline -0.001 -15"><span class='ocrx_word' id='word_1_56' title='bbox 183 650 284 702; x_wconf 90' lang='lat' dir='ltr'><strong>agentem</strong></span> <span class='ocrx_word' id='word_1_57' title='bbox 296 661 372 689; x_wconf 89' lang='lat' dir='ltr'><strong>meum</strong></span> <span class='ocrx_word' id='word_1_58' title='bbox 389 648 413 690; x_wconf 94' lang='lat' dir='ltr'><strong>in</strong></span> <span class='ocrx_word' id='word_1_59' title='bbox 428 647 488 690; x_wconf 89' lang='lat' dir='ltr'><strong>Urbe</strong></span> <span class='ocrx_word' id='word_1_60' title='bbox 506 648 535 690; x_wconf 90' lang='lat' dir='ltr'><strong>D.</strong></span> <span class='ocrx_word' id='word_1_61' title='bbox 552 647 681 703; x_wconf 77' lang='lat' dir='ltr'>Philippum</span> <span class='ocrx_word' id='word_1_62' title='bbox 693 645 759 702; x_wconf 78' lang='lat' dir='ltr'><strong>Olerp</strong></span> <span class='ocrx_word' id='word_1_63' title='bbox 770 644 845 701; x_wconf 86' lang='lat' dir='ltr'><strong>(quem</strong></span> <span class='ocrx_word' id='word_1_64' title='bbox 855 645 908 687; x_wconf 86' lang='lat' dir='ltr'><strong>Em.</strong></span> <span class='ocrx_word' id='word_1_65' title='bbox 920 644 984 687; x_wconf 87' lang='lat' dir='ltr'><strong>Vrae.</strong></span> <span class='ocrx_word' id='word_1_66' title='bbox 994 646 1058 687; x_wconf 88' lang='lat' dir='ltr'><strong>unice</strong></span> 
     </span>
     <span class='ocr_line' id='line_1_8' title="bbox 182 716 1057 775; baseline -0.002 -15"><span class='ocrx_word' id='word_1_67' title='bbox 182 716 321 773; x_wconf 75' lang='lat' dir='ltr'><strong>commendo)</strong></span> <span class='ocrx_word' id='word_1_68' title='bbox 334 718 447 775; x_wconf 86' lang='lat' dir='ltr'><strong>sollicitari</strong></span> <span class='ocrx_word' id='word_1_69' title='bbox 459 718 580 762; x_wconf 74' lang='lat' dir='ltr'><strong>curaverim</strong></span> <span class='ocrx_word' id='word_1_70' title='bbox 591 732 631 775; x_wconf 91' lang='lat' dir='ltr'><strong>pro</strong></span> <span class='ocrx_word' id='word_1_71' title='bbox 641 717 787 761; x_wconf 87' lang='lat' dir='ltr'><strong>translatione</strong></span> <span class='ocrx_word' id='word_1_72' title='bbox 797 716 825 760; x_wconf 88' lang='lat' dir='ltr'><strong>ad</strong></span> <span class='ocrx_word' id='word_1_73' title='bbox 834 717 963 761; x_wconf 72' lang='lat' dir='ltr'><strong>viciniorem</strong></span> <span class='ocrx_word' id='word_1_74' title='bbox 974 716 1057 759; x_wconf 90' lang='lat' dir='ltr'><strong>dioece-</strong></span> 
     </span>
     <span class='ocr_line' id='line_1_9' title="bbox 182 787 1056 846; baseline -0.002 -14"><span class='ocrx_word' id='word_1_75' title='bbox 182 790 225 832; x_wconf 83' lang='lat' dir='ltr'><strong>sim</strong></span> <span class='ocrx_word' id='word_1_76' title='bbox 236 790 317 832; x_wconf 79' lang='lat' dir='ltr'><strong>Daren.</strong></span> <span class='ocrx_word' id='word_1_77' title='bbox 326 804 339 832; x_wconf 87' lang='lat' dir='ltr'><strong>a</strong></span> <span class='ocrx_word' id='word_1_78' title='bbox 347 791 383 841; x_wconf 79' lang='lat'><strong>37,</strong></span> <span class='ocrx_word' id='word_1_79' title='bbox 392 794 413 832; x_wconf 88' lang='lat' dir='ltr'><strong>et</strong></span> <span class='ocrx_word' id='word_1_80' title='bbox 423 790 520 846; x_wconf 88' lang='lat' dir='ltr'><strong>amplius</strong></span> <span class='ocrx_word' id='word_1_81' title='bbox 531 790 596 832; x_wconf 87' lang='lat' dir='ltr'><strong>annis</strong></span> <span class='ocrx_word' id='word_1_82' title='bbox 609 790 694 845; x_wconf 90' lang='lat' dir='ltr'><strong>proprio</strong></span> <span class='ocrx_word' id='word_1_83' title='bbox 705 792 816 831; x_wconf 87' lang='lat' dir='ltr'><strong>carentem</strong></span> <span class='ocrx_word' id='word_1_84' title='bbox 827 791 924 844; x_wconf 86' lang='lat' dir='ltr'><strong>pastore,</strong></span> <span class='ocrx_word' id='word_1_85' title='bbox 932 787 967 830; x_wconf 87' lang='lat' dir='ltr'><strong>vel</strong></span> <span class='ocrx_word' id='word_1_86' title='bbox 978 787 1056 831; x_wconf 87' lang='lat' dir='ltr'><strong>saltem</strong></span> 
     </span>
     <span class='ocr_line' id='line_1_10' title="bbox 180 858 1056 915; baseline -0.002 -14"><span class='ocrx_word' id='word_1_87' title='bbox 180 859 330 914; x_wconf 83' lang='lat' dir='ltr'><strong>proejusdem,</strong></span> <span class='ocrx_word' id='word_1_88' title='bbox 339 859 432 901; x_wconf 90' lang='lat' dir='ltr'><strong>durante</strong></span> <span class='ocrx_word' id='word_1_89' title='bbox 439 859 563 912; x_wconf 90' lang='lat' dir='ltr'><strong>schismate,</strong></span> <span class='ocrx_word' id='word_1_90' title='bbox 573 859 792 902; x_wconf 65' lang='lat' dir='ltr'><strong>administrationem</strong></span> <span class='ocrx_word' id='word_1_91' title='bbox 799 858 923 902; x_wconf 80' lang='lat' dir='ltr'><strong>custodiam</strong></span> <span class='ocrx_word' id='word_1_92' title='bbox 930 871 934 900; x_wconf 93' lang='lat'>:</span> <span class='ocrx_word' id='word_1_93' title='bbox 942 871 997 915; x_wconf 85' lang='lat' dir='ltr'><strong>quae</strong></span> <span class='ocrx_word' id='word_1_94' title='bbox 1005 872 1056 900; x_wconf 89' lang='lat' dir='ltr'><strong>cum</strong></span> 
     </span>
     <span class='ocr_line' id='line_1_11' title="bbox 181 928 1056 985; baseline 0 -16"><span class='ocrx_word' id='word_1_95' title='bbox 181 929 269 984; x_wconf 87' lang='lat' dir='ltr'><strong>longius</strong></span> <span class='ocrx_word' id='word_1_96' title='bbox 287 928 370 970; x_wconf 84' lang='lat' dir='ltr'><strong>differri</strong></span> <span class='ocrx_word' id='word_1_97' title='bbox 386 929 510 984; x_wconf 85' lang='lat' dir='ltr'><strong>intelligam</strong></span> <span class='ocrx_word' id='word_1_98' title='bbox 520 944 587 985; x_wconf 87' lang='lat' dir='ltr'><strong>quam</strong></span> <span class='ocrx_word' id='word_1_99' title='bbox 598 944 647 971; x_wconf 89' lang='lat' dir='ltr'><strong>mea</strong></span> <span class='ocrx_word' id='word_1_100' title='bbox 657 930 779 972; x_wconf 84' lang='lat' dir='ltr'><strong>necessitas</strong></span> <span class='ocrx_word' id='word_1_101' title='bbox 790 930 895 985; x_wconf 84' lang='lat' dir='ltr'><strong>patiatur,</strong></span> <span class='ocrx_word' id='word_1_102' title='bbox 907 942 1001 985; x_wconf 87' lang='lat' dir='ltr'><strong>cumque</strong></span> <span class='ocrx_word' id='word_1_103' title='bbox 1012 928 1056 970; x_wconf 88' lang='lat' dir='ltr'><strong>alia</strong></span> 
     </span>
     <span class='ocr_line' id='line_1_12' title="bbox 181 997 1055 1054; baseline 0.002 -15"><span class='ocrx_word' id='word_1_104' title='bbox 181 998 244 1039; x_wconf 92' lang='lat' dir='ltr'><strong>nulla</strong></span> <span class='ocrx_word' id='word_1_105' title='bbox 254 997 311 1039; x_wconf 92' lang='lat' dir='ltr'><strong>mihi</strong></span> <span class='ocrx_word' id='word_1_106' title='bbox 323 1001 441 1053; x_wconf 85' lang='lat' dir='ltr'><strong>suppetant</strong></span> <span class='ocrx_word' id='word_1_107' title='bbox 456 999 530 1040; x_wconf 89' lang='lat' dir='ltr'><strong>media</strong></span> <span class='ocrx_word' id='word_1_108' title='bbox 544 999 661 1041; x_wconf 86' lang='lat' dir='ltr'><strong>honestius</strong></span> <span class='ocrx_word' id='word_1_109' title='bbox 676 999 771 1050; x_wconf 89' lang='lat' dir='ltr'><strong>vivendi,</strong></span> <span class='ocrx_word' id='word_1_110' title='bbox 788 1013 854 1054; x_wconf 87' lang='lat' dir='ltr'><strong>quam</strong></span> <span class='ocrx_word' id='word_1_111' title='bbox 871 1000 938 1041; x_wconf 88' lang='lat' dir='ltr'><strong>sicuti</strong></span> <span class='ocrx_word' id='word_1_112' title='bbox 947 999 1055 1041; x_wconf 87' lang='lat' dir='ltr'><strong>hactenus</strong></span> 
     </span>
     <span class='ocr_line' id='line_1_13' title="bbox 183 1066 1054 1125; baseline 0 -14"><span class='ocrx_word' id='word_1_113' title='bbox 183 1066 298 1125; x_wconf 76' lang='lat' dir='ltr'><strong>&lt;erubesco</strong></span> <span class='ocrx_word' id='word_1_114' title='bbox 316 1082 368 1111; x_wconf 90' lang='lat' dir='ltr'><strong>sane</strong></span> <span class='ocrx_word' id='word_1_115' title='bbox 384 1067 464 1124; x_wconf 84' lang='lat' dir='ltr'><strong>dicere)</strong></span> <span class='ocrx_word' id='word_1_116' title='bbox 482 1070 581 1112; x_wconf 85' lang='lat' dir='ltr'><strong>ostiatim</strong></span> <span class='ocrx_word' id='word_1_117' title='bbox 596 1068 749 1121; x_wconf 87' lang='lat' dir='ltr'><strong>mendicando,</strong></span> <span class='ocrx_word' id='word_1_118' title='bbox 766 1068 790 1111; x_wconf 91' lang='lat' dir='ltr'><strong>id</strong></span> <span class='ocrx_word' id='word_1_119' title='bbox 805 1069 865 1124; x_wconf 91' lang='lat' dir='ltr'><strong>quod</strong></span> <span class='ocrx_word' id='word_1_120' title='bbox 880 1082 921 1111; x_wconf 90' lang='lat' dir='ltr'><strong>neo</strong></span> <span class='ocrx_word' id='word_1_121' title='bbox 931 1083 1054 1124; x_wconf 73' lang='lat' dir='ltr'><strong>personam,</strong></span> 
     </span>
     <span class='ocr_line' id='line_1_14' title="bbox 180 1138 1057 1195; baseline 0 -14"><span class='ocrx_word' id='word_1_122' title='bbox 180 1153 220 1181; x_wconf 90' lang='lat' dir='ltr'><strong>neo</strong></span> <span class='ocrx_word' id='word_1_123' title='bbox 228 1139 360 1195; x_wconf 85' lang='lat' dir='ltr'><strong>dignitatem</strong></span> <span class='ocrx_word' id='word_1_124' title='bbox 368 1138 436 1190; x_wconf 88' lang='lat' dir='ltr'><strong>decet,</strong></span> <span class='ocrx_word' id='word_1_125' title='bbox 446 1139 498 1181; x_wconf 87' lang='lat' dir='ltr'><strong>Em.</strong></span> <span class='ocrx_word' id='word_1_126' title='bbox 507 1140 610 1182; x_wconf 87' lang='lat' dir='ltr'><strong>Vestram</strong></span> <span class='ocrx_word' id='word_1_127' title='bbox 622 1139 715 1195; x_wconf 77' lang='lat' dir='ltr'><strong>supplex</strong></span> <span class='ocrx_word' id='word_1_128' title='bbox 722 1142 745 1180; x_wconf 92' lang='lat' dir='ltr'><strong>et</strong></span> <span class='ocrx_word' id='word_1_129' title='bbox 751 1138 866 1181; x_wconf 84' lang='lat' dir='ltr'><strong>humiliter</strong></span> <span class='ocrx_word' id='word_1_130' title='bbox 873 1138 945 1188; x_wconf 85' lang='lat' dir='ltr'><strong>orabo,</strong></span> <span class='ocrx_word' id='word_1_131' title='bbox 954 1139 1057 1194; x_wconf 82' lang='lat' dir='ltr'><strong>dignetur</strong></span> 
     </span>
     <span class='ocr_line' id='line_1_15' title="bbox 179 1208 1056 1264; baseline 0 -14"><span class='ocrx_word' id='word_1_132' title='bbox 179 1208 241 1252; x_wconf 92' lang='lat' dir='ltr'><strong>hisce</strong></span> <span class='ocrx_word' id='word_1_133' title='bbox 251 1209 307 1251; x_wconf 91' lang='lat' dir='ltr'><strong>meis</strong></span> <span class='ocrx_word' id='word_1_134' title='bbox 316 1209 478 1253; x_wconf 85' lang='lat' dir='ltr'><strong>calamitatibus</strong></span> <span class='ocrx_word' id='word_1_135' title='bbox 487 1210 542 1253; x_wconf 88' lang='lat' dir='ltr'><strong>velle</strong></span> <span class='ocrx_word' id='word_1_136' title='bbox 551 1223 601 1253; x_wconf 89' lang='lat' dir='ltr'><strong>esse</strong></span> <span class='ocrx_word' id='word_1_137' title='bbox 610 1222 748 1261; x_wconf 87' lang='lat' dir='ltr'><strong>succursum,</strong></span> <span class='ocrx_word' id='word_1_138' title='bbox 758 1209 828 1251; x_wconf 76' lang='lat' dir='ltr'><strong>SSmi.</strong></span> <span class='ocrx_word' id='word_1_139' title='bbox 835 1209 862 1250; x_wconf 91' lang='lat' dir='ltr'><strong>P.</strong></span> <span class='ocrx_word' id='word_1_140' title='bbox 872 1208 931 1264; x_wconf 87' lang='lat' dir='ltr'><strong>apud</strong></span> <span class='ocrx_word' id='word_1_141' title='bbox 941 1209 1056 1252; x_wconf 87' lang='lat' dir='ltr'><strong>serenissi-</strong></span> 
     </span>
     <span class='ocr_line' id='line_1_16' title="bbox 179 1279 1055 1335; baseline -0.001 -14"><span class='ocrx_word' id='word_1_142' title='bbox 179 1294 240 1321; x_wconf 88' lang='lat' dir='ltr'><strong>mam</strong></span> <span class='ocrx_word' id='word_1_143' title='bbox 256 1279 368 1334; x_wconf 81' lang='lat' dir='ltr'><strong>Reginam</strong></span> <span class='ocrx_word' id='word_1_144' title='bbox 379 1279 473 1335; x_wconf 84' lang='lat' dir='ltr'><strong>Angliae</strong></span> <span class='ocrx_word' id='word_1_145' title='bbox 484 1279 624 1335; x_wconf 84' lang='lat' dir='ltr'><strong>impetrando</strong></span> <span class='ocrx_word' id='word_1_146' title='bbox 635 1279 691 1321; x_wconf 90' lang='lat' dir='ltr'><strong>mihi</strong></span> <span class='ocrx_word' id='word_1_147' title='bbox 707 1279 867 1321; x_wconf 78' lang='lat' dir='ltr'><strong>relaxationem</strong></span> <span class='ocrx_word' id='word_1_148' title='bbox 883 1279 993 1331; x_wconf 82' lang='lat' dir='ltr'><strong>ohannis,</strong></span> <span class='ocrx_word' id='word_1_149' title='bbox 1007 1279 1055 1335; x_wconf 89' lang='lat' dir='ltr'><strong>qui-</strong></span> 
     </span>
     <span class='ocr_line' id='line_1_17' title="bbox 179 1348 1054 1404; baseline -0.002 -12"><span class='ocrx_word' id='word_1_150' title='bbox 179 1349 222 1392; x_wconf 80' lang='lat' dir='ltr'><strong>hus</strong></span> <span class='ocrx_word' id='word_1_151' title='bbox 241 1349 367 1403; x_wconf 83' lang='lat' dir='ltr'><strong>obstringor</strong></span> <span class='ocrx_word' id='word_1_152' title='bbox 388 1348 414 1391; x_wconf 91' lang='lat' dir='ltr'><strong>de</strong></span> <span class='ocrx_word' id='word_1_153' title='bbox 435 1363 480 1392; x_wconf 90' lang='lat' dir='ltr'><strong>non</strong></span> <span class='ocrx_word' id='word_1_154' title='bbox 501 1349 602 1392; x_wconf 89' lang='lat' dir='ltr'><strong>exeundo</strong></span> <span class='ocrx_word' id='word_1_155' title='bbox 620 1349 661 1391; x_wconf 89' lang='lat' dir='ltr'><strong>hoc</strong></span> <span class='ocrx_word' id='word_1_156' title='bbox 679 1348 756 1404; x_wconf 89' lang='lat' dir='ltr'><strong>Regno</strong></span> <span class='ocrx_word' id='word_1_157' title='bbox 779 1349 827 1391; x_wconf 90' lang='lat' dir='ltr'><strong>sine</strong></span> <span class='ocrx_word' id='word_1_158' title='bbox 845 1349 914 1404; x_wconf 85' lang='lat' dir='ltr'><strong>Regis</strong></span> <span class='ocrx_word' id='word_1_159' title='bbox 934 1353 956 1391; x_wconf 89' lang='lat' dir='ltr'><strong>et</strong></span> <span class='ocrx_word' id='word_1_160' title='bbox 966 1349 1054 1391; x_wconf 89' lang='lat' dir='ltr'><strong>concilii</strong></span> 
     </span>
     <span class='ocr_line' id='line_1_18' title="bbox 179 1418 1053 1476; baseline 0 -15"><span class='ocrx_word' id='word_1_161' title='bbox 179 1432 282 1475; x_wconf 87' lang='lat' dir='ltr'><strong>expressa</strong></span> <span class='ocrx_word' id='word_1_162' title='bbox 292 1419 388 1471; x_wconf 89' lang='lat' dir='ltr'><strong>licentia,</strong></span> <span class='ocrx_word' id='word_1_163' title='bbox 400 1423 426 1461; x_wconf 90' lang='lat' dir='ltr'><strong>ut</strong></span> <span class='ocrx_word' id='word_1_164' title='bbox 436 1420 490 1462; x_wconf 91' lang='lat' dir='ltr'><strong>dum</strong></span> <span class='ocrx_word' id='word_1_165' title='bbox 500 1421 562 1476; x_wconf 80' lang='lat' dir='ltr'><strong>gregi</strong></span> <span class='ocrx_word' id='word_1_166' title='bbox 572 1434 621 1462; x_wconf 91' lang='lat' dir='ltr'><strong>meo</strong></span> <span class='ocrx_word' id='word_1_167' title='bbox 632 1419 718 1461; x_wconf 84' lang='lat' dir='ltr'><strong>defectu</strong></span> <span class='ocrx_word' id='word_1_168' title='bbox 729 1418 854 1461; x_wconf 89' lang='lat' dir='ltr'><strong>mediorum</strong></span> <span class='ocrx_word' id='word_1_169' title='bbox 865 1419 959 1462; x_wconf 88' lang='lat' dir='ltr'><strong>ulterius</strong></span> <span class='ocrx_word' id='word_1_170' title='bbox 970 1419 1053 1475; x_wconf 83' lang='lat' dir='ltr'><strong>advigi-</strong></span> 
     </span>
     <span class='ocr_line' id='line_1_19' title="bbox 178 1489 1054 1546; baseline 0.002 -15"><span class='ocrx_word' id='word_1_171' title='bbox 178 1490 224 1532; x_wconf 87' lang='lat' dir='ltr'><strong>lare</strong></span> <span class='ocrx_word' id='word_1_172' title='bbox 236 1503 280 1531; x_wconf 89' lang='lat' dir='ltr'><strong>non</strong></span> <span class='ocrx_word' id='word_1_173' title='bbox 290 1489 381 1540; x_wconf 88' lang='lat' dir='ltr'><strong>valeam,</strong></span> <span class='ocrx_word' id='word_1_174' title='bbox 399 1490 477 1532; x_wconf 86' lang='lat' dir='ltr'><strong>saltem</strong></span> <span class='ocrx_word' id='word_1_175' title='bbox 494 1491 532 1533; x_wconf 83' lang='lat' dir='ltr'><strong>uhi</strong></span> <span class='ocrx_word' id='word_1_176' title='bbox 541 1492 602 1545; x_wconf 84' lang='lat' dir='ltr'><strong>viget</strong></span> <span class='ocrx_word' id='word_1_177' title='bbox 612 1491 689 1546; x_wconf 88' lang='lat' dir='ltr'><strong>religio</strong></span> <span class='ocrx_word' id='word_1_178' title='bbox 704 1490 762 1532; x_wconf 89' lang='lat' dir='ltr'><strong>mori</strong></span> <span class='ocrx_word' id='word_1_179' title='bbox 777 1490 842 1532; x_wconf 88' lang='lat' dir='ltr'><strong>liceat</strong></span> <span class='ocrx_word' id='word_1_180' title='bbox 855 1490 879 1532; x_wconf 91' lang='lat' dir='ltr'><strong>in</strong></span> <span class='ocrx_word' id='word_1_181' title='bbox 894 1504 953 1545; x_wconf 84' lang='lat' dir='ltr'><strong>pace.</strong></span> <span class='ocrx_word' id='word_1_182' title='bbox 985 1491 1054 1533; x_wconf 89' lang='lat' dir='ltr'><strong>Haud</strong></span> 
     </span>
     <span class='ocr_line' id='line_1_20' title="bbox 179 1558 1053 1617; baseline 0.001 -15"><span class='ocrx_word' id='word_1_183' title='bbox 179 1558 290 1615; x_wconf 86' lang='lat' dir='ltr'><strong>equidem,</strong></span> <span class='ocrx_word' id='word_1_184' title='bbox 301 1559 367 1612; x_wconf 85' lang='lat' dir='ltr'><strong>Eme.</strong></span> <span class='ocrx_word' id='word_1_185' title='bbox 387 1559 450 1611; x_wconf 85' lang='lat' dir='ltr'><strong>Dne,</strong></span> <span class='ocrx_word' id='word_1_186' title='bbox 467 1574 506 1616; x_wconf 91' lang='lat' dir='ltr'><strong>pro</strong></span> <span class='ocrx_word' id='word_1_187' title='bbox 524 1561 589 1603; x_wconf 87' lang='lat' dir='ltr'><strong>vinea</strong></span> <span class='ocrx_word' id='word_1_188' title='bbox 605 1561 658 1602; x_wconf 89' lang='lat' dir='ltr'><strong>Dni.</strong></span> <span class='ocrx_word' id='word_1_189' title='bbox 677 1573 755 1601; x_wconf 90' lang='lat' dir='ltr'><strong>recuso</strong></span> <span class='ocrx_word' id='word_1_190' title='bbox 773 1559 878 1610; x_wconf 83' lang='lat' dir='ltr'><strong>laborem,</strong></span> <span class='ocrx_word' id='word_1_191' title='bbox 891 1560 910 1602; x_wconf 92' lang='lat' dir='ltr'><strong>si</strong></span> <span class='ocrx_word' id='word_1_192' title='bbox 921 1560 947 1602; x_wconf 88' lang='lat' dir='ltr'><strong>de</strong></span> <span class='ocrx_word' id='word_1_193' title='bbox 963 1560 1053 1617; x_wconf 87' lang='lat' dir='ltr'><strong>aliquali</strong></span> 
     </span>
     <span class='ocr_line' id='line_1_21' title="bbox 179 1628 1053 1686; baseline 0 -13"><span class='ocrx_word' id='word_1_194' title='bbox 179 1629 341 1673; x_wconf 85' lang='lat' dir='ltr'><strong>sustentatione</strong></span> <span class='ocrx_word' id='word_1_195' title='bbox 351 1628 408 1671; x_wconf 89' lang='lat' dir='ltr'><strong>mihi</strong></span> <span class='ocrx_word' id='word_1_196' title='bbox 417 1630 474 1672; x_wconf 88' lang='lat' dir='ltr'><strong>foret</strong></span> <span class='ocrx_word' id='word_1_197' title='bbox 483 1631 597 1686; x_wconf 88' lang='lat' dir='ltr'><strong>provisum</strong></span> <span class='ocrx_word' id='word_1_198' title='bbox 608 1644 659 1672; x_wconf 87' lang='lat' dir='ltr'><strong>cum</strong></span> <span class='ocrx_word' id='word_1_199' title='bbox 669 1644 714 1672; x_wconf 89' lang='lat' dir='ltr'><strong>non</strong></span> <span class='ocrx_word' id='word_1_200' title='bbox 725 1630 826 1685; x_wconf 87' lang='lat' dir='ltr'><strong>ignorem</strong></span> <span class='ocrx_word' id='word_1_201' title='bbox 836 1630 897 1672; x_wconf 89' lang='lat' dir='ltr'><strong>hisce</strong></span> <span class='ocrx_word' id='word_1_202' title='bbox 907 1631 943 1673; x_wconf 91' lang='lat' dir='ltr'><strong>vel</strong></span> <span class='ocrx_word' id='word_1_203' title='bbox 956 1632 1053 1673; x_wconf 77' lang='lat' dir='ltr'><strong>maxime</strong></span> 
     </span>
     <span class='ocr_line' id='line_1_22' title="bbox 179 1699 1052 1756; baseline -0.001 -12"><span class='ocrx_word' id='word_1_204' title='bbox 179 1700 289 1744; x_wconf 85' lang='lat' dir='ltr'><strong>bellorum</strong></span> <span class='ocrx_word' id='word_1_205' title='bbox 300 1702 322 1741; x_wconf 87' lang='lat' dir='ltr'><strong>et</strong></span> <span class='ocrx_word' id='word_1_206' title='bbox 332 1699 450 1742; x_wconf 85' lang='lat' dir='ltr'><strong>haeresum</strong></span> <span class='ocrx_word' id='word_1_207' title='bbox 461 1699 488 1742; x_wconf 91' lang='lat' dir='ltr'><strong>de</strong></span> <span class='ocrx_word' id='word_1_208' title='bbox 495 1715 550 1743; x_wconf 91' lang='lat' dir='ltr'><strong>novo</strong></span> <span class='ocrx_word' id='word_1_209' title='bbox 557 1700 724 1756; x_wconf 84' lang='lat' dir='ltr'><strong>insurgentium</strong></span> <span class='ocrx_word' id='word_1_210' title='bbox 735 1699 872 1743; x_wconf 82' lang='lat' dir='ltr'><strong>tumultibus</strong></span> <span class='ocrx_word' id='word_1_211' title='bbox 881 1699 970 1756; x_wconf 85' lang='lat' dir='ltr'><strong>(quibus</strong></span> <span class='ocrx_word' id='word_1_212' title='bbox 979 1700 1052 1743; x_wconf 88' lang='lat' dir='ltr'><strong>adver-</strong></span> 
     </span>
     <span class='ocr_line' id='line_1_23' title="bbox 182 1770 1052 1826; baseline -0.001 -12"><span class='ocrx_word' id='word_1_213' title='bbox 182 1770 253 1814; x_wconf 82' lang='lat' dir='ltr'><strong>sarius</strong></span> <span class='ocrx_word' id='word_1_214' title='bbox 269 1773 346 1813; x_wconf 88' lang='lat' dir='ltr'><strong>noster</strong></span> <span class='ocrx_word' id='word_1_215' title='bbox 362 1774 468 1826; x_wconf 88' lang='lat' dir='ltr'><strong>tanquam</strong></span> <span class='ocrx_word' id='word_1_216' title='bbox 486 1770 520 1812; x_wconf 90' lang='lat' dir='ltr'><strong>leo</strong></span> <span class='ocrx_word' id='word_1_217' title='bbox 538 1771 630 1826; x_wconf 91' lang='lat' dir='ltr'><strong>rugiens</strong></span> <span class='ocrx_word' id='word_1_218' title='bbox 647 1770 725 1812; x_wconf 89' lang='lat' dir='ltr'><strong>circuit</strong></span> <span class='ocrx_word' id='word_1_219' title='bbox 736 1783 851 1825; x_wconf 89' lang='lat' dir='ltr'><strong>quaerens,</strong></span> <span class='ocrx_word' id='word_1_220' title='bbox 870 1784 936 1826; x_wconf 88' lang='lat' dir='ltr'><strong>quem</strong></span> <span class='ocrx_word' id='word_1_221' title='bbox 954 1770 1052 1824; x_wconf 76' lang='lat' dir='ltr'><strong>devoret)</strong></span> 
     </span>
     <span class='ocr_line' id='line_1_24' title="bbox 179 1839 1052 1896; baseline 0 -13"><span class='ocrx_word' id='word_1_222' title='bbox 179 1841 326 1896; x_wconf 87' lang='lat' dir='ltr'><strong>vigilantiam,</strong></span> <span class='ocrx_word' id='word_1_223' title='bbox 341 1844 363 1882; x_wconf 91' lang='lat' dir='ltr'><strong>et</strong></span> <span class='ocrx_word' id='word_1_224' title='bbox 374 1840 515 1883; x_wconf 87' lang='lat' dir='ltr'><strong>sedulitatem</strong></span> <span class='ocrx_word' id='word_1_225' title='bbox 529 1841 626 1896; x_wconf 88' lang='lat' dir='ltr'><strong>pastoris</strong></span> <span class='ocrx_word' id='word_1_226' title='bbox 636 1840 716 1895; x_wconf 88' lang='lat' dir='ltr'><strong>populo</strong></span> <span class='ocrx_word' id='word_1_227' title='bbox 732 1839 775 1882; x_wconf 86' lang='lat' dir='ltr'><strong>Dei</strong></span> <span class='ocrx_word' id='word_1_228' title='bbox 787 1841 885 1896; x_wconf 86' lang='lat' dir='ltr'><strong>apprime</strong></span> <span class='ocrx_word' id='word_1_229' title='bbox 895 1841 942 1883; x_wconf 82' lang='lat' dir='ltr'><strong>fore</strong></span> <span class='ocrx_word' id='word_1_230' title='bbox 952 1855 1052 1883; x_wconf 87' lang='lat' dir='ltr'><strong>necessa-</strong></span> 
     </span>
     <span class='ocr_line' id='line_1_25' title="bbox 177 1910 1051 1967; baseline 0.001 -15"><span class='ocrx_word' id='word_1_231' title='bbox 177 1911 248 1964; x_wconf 77' lang='lat' dir='ltr'><strong>riam,</strong></span> <span class='ocrx_word' id='word_1_232' title='bbox 266 1924 322 1966; x_wconf 90' lang='lat' dir='ltr'><strong>quae</strong></span> <span class='ocrx_word' id='word_1_233' title='bbox 333 1911 397 1953; x_wconf 87' lang='lat' dir='ltr'><strong>Eme.</strong></span> <span class='ocrx_word' id='word_1_234' title='bbox 409 1912 493 1966; x_wconf 88' lang='lat' dir='ltr'><strong>gratiae</strong></span> <span class='ocrx_word' id='word_1_235' title='bbox 503 1925 559 1953; x_wconf 81' lang='lat' dir='ltr'><strong>urae.</strong></span> <span class='ocrx_word' id='word_1_236' title='bbox 571 1911 681 1954; x_wconf 87' lang='lat' dir='ltr'><strong>maturius</strong></span> <span class='ocrx_word' id='word_1_237' title='bbox 689 1910 831 1965; x_wconf 88' lang='lat' dir='ltr'><strong>ponderando</strong></span> <span class='ocrx_word' id='word_1_238' title='bbox 841 1911 935 1967; x_wconf 90' lang='lat' dir='ltr'><strong>supplex</strong></span> <span class='ocrx_word' id='word_1_239' title='bbox 946 1911 1051 1954; x_wconf 80' lang='grc'>0111111111-</span> 
     </span>
     <span class='ocr_line' id='line_1_26' title="bbox 177 1980 1050 2037; baseline 0.002 -15"><span class='ocrx_word' id='word_1_240' title='bbox 177 1980 227 2022; x_wconf 88' lang='lat' dir='ltr'><strong>liter</strong></span> <span class='ocrx_word' id='word_1_241' title='bbox 235 1993 333 2035; x_wconf 90' lang='lat' dir='ltr'><strong>propono</strong></span> <span class='ocrx_word' id='word_1_242' title='bbox 344 1996 349 2023; x_wconf 92' lang='lat'>:</span> <span class='ocrx_word' id='word_1_243' title='bbox 362 1981 446 2023; x_wconf 88' lang='lat' dir='ltr'><strong>interea</strong></span> <span class='ocrx_word' id='word_1_244' title='bbox 457 1981 525 2023; x_wconf 87' lang='lat' dir='ltr'><strong>donec</strong></span> <span class='ocrx_word' id='word_1_245' title='bbox 536 1981 562 2023; x_wconf 90' lang='lat' dir='ltr'><strong>de</strong></span> <span class='ocrx_word' id='word_1_246' title='bbox 569 1981 682 2024; x_wconf 87' lang='lat' dir='ltr'><strong>voluntate</strong></span> <span class='ocrx_word' id='word_1_247' title='bbox 690 1980 777 2024; x_wconf 77' lang='lat' dir='ltr'><strong>Summi</strong></span> <span class='ocrx_word' id='word_1_248' title='bbox 786 1980 901 2024; x_wconf 86' lang='lat' dir='ltr'><strong>Pontificis</strong></span> <span class='ocrx_word' id='word_1_249' title='bbox 913 1982 1007 2037; x_wconf 90' lang='lat' dir='ltr'><strong>desuper</strong></span> <span class='ocrx_word' id='word_1_250' title='bbox 1013 1982 1050 2024; x_wconf 91' lang='lat' dir='ltr'><strong>his</strong></span> 
     </span>
     <span class='ocr_line' id='line_1_27' title="bbox 176 2049 1049 2104; baseline 0.002 -14"><span class='ocrx_word' id='word_1_251' title='bbox 176 2049 264 2104; x_wconf 86' lang='lat' dir='ltr'><strong>plenius</strong></span> <span class='ocrx_word' id='word_1_252' title='bbox 275 2049 416 2102; x_wconf 78' lang='lat' dir='ltr'><strong>informator,</strong></span> <span class='ocrx_word' id='word_1_253' title='bbox 429 2050 497 2092; x_wconf 85' lang='lat' dir='ltr'><strong>saluti</strong></span> <span class='ocrx_word' id='word_1_254' title='bbox 508 2051 633 2093; x_wconf 89' lang='lat' dir='ltr'><strong>animarum</strong></span> <span class='ocrx_word' id='word_1_255' title='bbox 641 2050 697 2092; x_wconf 91' lang='lat' dir='ltr'><strong>mihi</strong></span> <span class='ocrx_word' id='word_1_256' title='bbox 708 2051 879 2094; x_wconf 89' lang='lat' dir='ltr'><strong>commissarum</strong></span> <span class='ocrx_word' id='word_1_257' title='bbox 889 2052 992 2094; x_wconf 86' lang='lat' dir='ltr'><strong>insistere</strong></span> <span class='ocrx_word' id='word_1_258' title='bbox 1004 2065 1049 2093; x_wconf 90' lang='lat' dir='ltr'><strong>non</strong></span> 
     </span>
     <span class='ocr_line' id='line_1_28' title="bbox 178 2118 1049 2177; baseline 0.002 -17"><span class='ocrx_word' id='word_1_259' title='bbox 178 2119 286 2162; x_wconf 88' lang='lat' dir='ltr'><strong>desinam.</strong></span> <span class='ocrx_word' id='word_1_260' title='bbox 318 2118 381 2175; x_wconf 90' lang='lat' dir='ltr'><strong>Hisq.</strong></span> <span class='ocrx_word' id='word_1_261' title='bbox 393 2120 442 2161; x_wconf 85' lang='lat' dir='ltr'><strong>Em.</strong></span> <span class='ocrx_word' id='word_1_262' title='bbox 454 2119 516 2161; x_wconf 88' lang='lat' dir='ltr'><strong>Vrae.</strong></span> <span class='ocrx_word' id='word_1_263' title='bbox 533 2120 582 2175; x_wconf 89' lang='lat' dir='ltr'><strong>pias</strong></span> <span class='ocrx_word' id='word_1_264' title='bbox 598 2133 678 2163; x_wconf 87' lang='lat' dir='ltr'><strong>manus</strong></span> <span class='ocrx_word' id='word_1_265' title='bbox 695 2120 826 2164; x_wconf 87' lang='lat' dir='ltr'><strong>deosculans</strong></span> <span class='ocrx_word' id='word_1_266' title='bbox 842 2135 881 2176; x_wconf 89' lang='lat' dir='ltr'><strong>pro</strong></span> <span class='ocrx_word' id='word_1_267' title='bbox 897 2124 968 2177; x_wconf 86' lang='lat' dir='ltr'><strong>utraq.</strong></span> <span class='ocrx_word' id='word_1_268' title='bbox 980 2120 1049 2163; x_wconf 87' lang='lat' dir='ltr'><strong>felici-</strong></span> 
     </span>
     <span class='ocr_line' id='line_1_29' title="bbox 177 2189 654 2242; baseline 0.002 -11"><span class='ocrx_word' id='word_1_269' title='bbox 177 2193 229 2242; x_wconf 90' lang='lat' dir='ltr'><strong>tate,</strong></span> <span class='ocrx_word' id='word_1_270' title='bbox 241 2189 295 2232; x_wconf 89' lang='lat' dir='ltr'><strong>dum</strong></span> <span class='ocrx_word' id='word_1_271' title='bbox 305 2189 386 2242; x_wconf 88' lang='lat' dir='ltr'><strong>vixero,</strong></span> <span class='ocrx_word' id='word_1_272' title='bbox 397 2204 474 2233; x_wconf 88' lang='lat' dir='ltr'><strong>vovere</strong></span> <span class='ocrx_word' id='word_1_273' title='bbox 484 2203 529 2232; x_wconf 87' lang='lat' dir='ltr'><strong>non</strong></span> <span class='ocrx_word' id='word_1_274' title='bbox 539 2190 654 2237; x_wconf 87' lang='lat' dir='ltr'><strong>desistam.</strong></span> 
     </span>
    </p>
   </div>
   <div class='ocr_carea' id='block_1_3' title="bbox 222 2272 633 2338">
    <p class='ocr_par' dir='ltr' id='par_1_3' title="bbox 222 2272 633 2338">
     <span class='ocr_line' id='line_1_30' title="bbox 222 2272 633 2338; baseline 0.005 -14"><span class='ocrx_word' id='word_1_275' title='bbox 222 2282 258 2324; x_wconf 83' lang='lat' dir='ltr'><strong>Ex</strong></span> <span class='ocrx_word' id='word_1_276' title='bbox 268 2282 315 2325; x_wconf 89' lang='lat' dir='ltr'><strong>loco</strong></span> <span class='ocrx_word' id='word_1_277' title='bbox 326 2283 405 2338; x_wconf 87' lang='lat' dir='ltr'><strong>refugii</strong></span> <span class='ocrx_word' id='word_1_278' title='bbox 416 2283 457 2326; x_wconf 87' lang='grc'>1111,</span> <span class='ocrx_word' id='word_1_279' title='bbox 470 2272 498 2325; x_wconf 71' lang='lat'><strong>25</strong></span> <span class='ocrx_word' id='word_1_280' title='bbox 510 2284 556 2325; x_wconf 86' lang='lat' dir='ltr'><strong>Jul.</strong></span> <span class='ocrx_word' id='word_1_281' title='bbox 569 2284 633 2328; x_wconf 81' lang='lat'>1639.</span> 
     </span>
    </p>
   </div>
   <div class='ocr_carea' id='block_1_4' title="bbox 266 2364 1015 2563">
    <p class='ocr_par' dir='ltr' id='par_1_4' title="bbox 266 2364 1015 2563">
     <span class='ocr_line' id='line_1_31' title="bbox 266 2364 395 2417; baseline 0 -10"><span class='ocrx_word' id='word_1_282' title='bbox 266 2365 337 2417; x_wconf 84' lang='lat' dir='ltr'><strong>Eme,</strong></span> <span class='ocrx_word' id='word_1_283' title='bbox 351 2364 395 2417; x_wconf 79' lang='lat' dir='ltr'><strong>dcc,</strong></span> 
     </span>
     <span class='ocr_line' id='line_1_32' title="bbox 533 2437 750 2490; baseline 0.005 -11"><span class='ocrx_word' id='word_1_284' title='bbox 533 2437 690 2490; x_wconf 87' lang='lat' dir='ltr'><strong>Humillimus,</strong></span> <span class='ocrx_word' id='word_1_285' title='bbox 698 2438 750 2490; x_wconf 77' lang='lat' dir='ltr'><strong>dcc,</strong></span> 
     </span>
     <span class='ocr_line' id='line_1_33' title="bbox 759 2508 1015 2563; baseline 0 -12"><span class='ocrx_word' id='word_1_286' title='bbox 759 2508 861 2551; x_wconf 80' lang='lat' dir='ltr'><strong>Joruuns</strong></span> <span class='ocrx_word' id='word_1_287' title='bbox 877 2508 1015 2563; x_wconf 83' lang='lat' dir='ltr'><strong>Rapotensis.</strong></span> 
     </span>
    </p>
   </div>
   <div class='ocr_carea' id='block_1_5' title="bbox 175 2647 1046 2764">
    <p class='ocr_par' dir='ltr' id='par_1_5' title="bbox 175 2647 1046 2764">
     <span class='ocr_line' id='line_1_34' title="bbox 175 2647 1046 2706; baseline 0.002 -17"><span class='ocrx_word' id='word_1_288' title='bbox 175 2647 291 2701; x_wconf 77' lang='lat' dir='ltr'><strong>Rationes,</strong></span> <span class='ocrx_word' id='word_1_289' title='bbox 303 2662 357 2703; x_wconf 78' lang='lat' dir='ltr'><strong>qrcoc</strong></span> <span class='ocrx_word' id='word_1_290' title='bbox 375 2649 466 2693; x_wconf 75' lang='lat' dir='ltr'><strong>arrodere</strong></span> <span class='ocrx_word' id='word_1_291' title='bbox 482 2656 576 2706; x_wconf 77' lang='lat' dir='ltr'><strong>possruzt</strong></span> <span class='ocrx_word' id='word_1_292' title='bbox 591 2650 674 2705; x_wconf 75' lang='lat' dir='ltr'><strong>Epaa.</strong></span> <span class='ocrx_word' id='word_1_293' title='bbox 691 2652 802 2706; x_wconf 82' lang='lat' dir='ltr'><strong>Ropoteu.</strong></span> <span class='ocrx_word' id='word_1_294' title='bbox 814 2649 989 2705; x_wconf 78' lang='lat' dir='ltr'><strong>transferendum</strong></span> <span class='ocrx_word' id='word_1_295' title='bbox 1001 2664 1046 2692; x_wconf 76' lang='lat' dir='ltr'><strong>esse</strong></span> 
     </span>
     <span class='ocr_line' id='line_1_35' title="bbox 487 2721 732 2764; baseline 0.008 -2"><span class='ocrx_word' id='word_1_296' title='bbox 487 2721 512 2762; x_wconf 83' lang='grc'><strong>101</strong></span> <span class='ocrx_word' id='word_1_297' title='bbox 523 2721 593 2763; x_wconf 82' lang='lat' dir='ltr'><strong>sedern</strong></span> <span class='ocrx_word' id='word_1_298' title='bbox 604 2721 732 2764; x_wconf 78' lang='lat' dir='ltr'><strong>Dereareru.</strong></span> 
     </span>
    </p>
   </div>
   <div class='ocr_carea' id='block_1_6' title="bbox 173 2821 1045 3025">
    <p class='ocr_par' dir='ltr' id='par_1_6' title="bbox 173 2821 1045 3025">
     <span class='ocr_line' id='line_1_36' title="bbox 221 2821 1045 2884; baseline 0.006 -21"><span class='ocrx_word' id='word_1_299' title='bbox 221 2821 242 2862; x_wconf 61' lang='grc' dir='ltr'><strong>Ι1</strong></span> <span class='ocrx_word' id='word_1_300' title='bbox 253 2823 312 2877; x_wconf 87' lang='lat' dir='ltr'><strong>quod</strong></span> <span class='ocrx_word' id='word_1_301' title='bbox 324 2838 350 2865; x_wconf 84' lang='lat' dir='ltr'><strong>ex</strong></span> <span class='ocrx_word' id='word_1_302' title='bbox 358 2838 400 2881; x_wconf 86' lang='lat' dir='ltr'><strong>quo</strong></span> <span class='ocrx_word' id='word_1_303' title='bbox 408 2825 540 2881; x_wconf 84' lang='lat' dir='ltr'><strong>Rapotensis</strong></span> <span class='ocrx_word' id='word_1_304' title='bbox 549 2827 620 2883; x_wconf 87' lang='lat' dir='ltr'><strong>Epus.</strong></span> <span class='ocrx_word' id='word_1_305' title='bbox 634 2828 731 2884; x_wconf 84' lang='lat' dir='ltr'><strong>suscepit</strong></span> <span class='ocrx_word' id='word_1_306' title='bbox 739 2826 858 2883; x_wconf 88' lang='lat' dir='ltr'><strong>regendam</strong></span> <span class='ocrx_word' id='word_1_307' title='bbox 866 2824 990 2867; x_wconf 84' lang='lat' dir='ltr'><strong>Ecclesiam</strong></span> <span class='ocrx_word' id='word_1_308' title='bbox 1001 2826 1045 2868; x_wconf 89' lang='lat' dir='ltr'><strong>Ra-</strong></span> 
     </span>
     <span class='ocr_line' id='line_1_37' title="bbox 175 2894 1045 2952; baseline 0.009 -21"><span class='ocrx_word' id='word_1_309' title='bbox 175 2894 252 2946; x_wconf 86' lang='lat' dir='ltr'><strong>poten.</strong></span> <span class='ocrx_word' id='word_1_310' title='bbox 267 2896 330 2936; x_wconf 87' lang='lat' dir='ltr'><strong>tanta</strong></span> <span class='ocrx_word' id='word_1_311' title='bbox 349 2896 418 2938; x_wconf 88' lang='lat' dir='ltr'><strong>sitin</strong></span> <span class='ocrx_word' id='word_1_312' title='bbox 437 2912 462 2939; x_wconf 86' lang='lat' dir='ltr'><strong>ea</strong></span> <span class='ocrx_word' id='word_1_313' title='bbox 479 2898 640 2941; x_wconf 85' lang='lat' dir='ltr'><strong>haereticorum</strong></span> <span class='ocrx_word' id='word_1_314' title='bbox 659 2900 716 2941; x_wconf 79' lang='lat' dir='ltr'><strong>facta</strong></span> <span class='ocrx_word' id='word_1_315' title='bbox 734 2896 888 2952; x_wconf 86' lang='lat' dir='ltr'><strong>supplantatio,</strong></span> <span class='ocrx_word' id='word_1_316' title='bbox 901 2899 926 2937; x_wconf 89' lang='lat' dir='ltr'><strong>ut</strong></span> <span class='ocrx_word' id='word_1_317' title='bbox 941 2895 1045 2939; x_wconf 87' lang='lat' dir='ltr'><strong>catholici</strong></span> 
     </span>
     <span class='ocr_line' id='line_1_38' title="bbox 173 2960 1044 3025; baseline 0.011 -23"><span class='ocrx_word' id='word_1_318' title='bbox 173 2960 266 3016; x_wconf 83' lang='lat' dir='ltr'><strong>alicujus</strong></span> <span class='ocrx_word' id='word_1_319' title='bbox 284 2967 349 3005; x_wconf 88' lang='lat' dir='ltr'><strong>notae</strong></span> <span class='ocrx_word' id='word_1_320' title='bbox 368 2966 409 3007; x_wconf 88' lang='lat' dir='ltr'><strong>viri</strong></span> <span class='ocrx_word' id='word_1_321' title='bbox 425 2968 484 3010; x_wconf 87' lang='lat' dir='ltr'><strong>ultra</strong></span> <span class='ocrx_word' id='word_1_322' title='bbox 501 2970 653 3025; x_wconf 85' lang='lat' dir='ltr'><strong>septingentos</strong></span> <span class='ocrx_word' id='word_1_323' title='bbox 669 2983 713 3011; x_wconf 89' lang='lat' dir='ltr'><strong>non</strong></span> <span class='ocrx_word' id='word_1_324' title='bbox 728 2969 809 3019; x_wconf 81' lang='lat' dir='ltr'><strong>extent,</strong></span> <span class='ocrx_word' id='word_1_325' title='bbox 828 2965 920 3022; x_wconf 87' lang='lat' dir='ltr'><strong>reliquis</strong></span> <span class='ocrx_word' id='word_1_326' title='bbox 939 2967 1044 3012; x_wconf 85' lang='lat' dir='ltr'><strong>omnibus</strong></span> 
     </span>
    </p>
   </div>
   <div class='ocr_carea' id='block_1_7' title="bbox 0 0 1212 3337">
    <p class='ocr_par' dir='ltr' id='par_1_7' title="bbox 0 0 1212 3337">
     <span class='ocr_line' id='line_1_39' title="bbox 0 0 1212 3337; baseline 0 5"><span class='ocrx_word' id='word_1_327' title='bbox 0 0 1212 3337; x_wconf 95' lang='lat' dir='ltr'><strong> </strong></span> 
     </span>
    </p>
   </div>
  </div>
 </body>
</html>
