2416 3337
207 199 251 243 194
489 209 633 241 SPIOILIIGIUM
650 209 791 241 cssoulnusn.

206 356 251 399 lem
259 360 373 411 nuntium,
378 374 414 402 me
420 359 586 415 infrascriptum
594 373 632 415 per
640 373 692 402 suas
701 358 948 402 adOard.Protectorem
954 358 1077 401 Antonium
1127 384 1129 387 -

206 428 355 473 Barberinum
370 431 446 474 literas
462 432 572 473 Procrem.
584 434 606 473 et
621 431 726 473 nuntium
737 431 764 473 ad
773 430 828 472 illud
839 444 921 474 munus
937 430 1004 473 litter.
1016 443 1077 485 prae-

208 501 314 544 standum
325 503 449 553 constituit,
462 506 484 544 et
499 502 614 554 ordinavit,
627 502 685 557 quod
695 501 788 544 fideliter
802 502 826 543 in
842 502 909 554 huno,
921 502 959 558 qui
970 501 1076 557 sequitur,

207 571 300 614 modum
315 573 447 627 perstringo.
550 615 552 617 .
852 621 854 625 Α

253 642 383 698 Archiepus.
396 644 500 684 Tuamen.
512 645 629 696 suspectus
638 655 677 695 per
687 642 807 683 haereticos
818 641 916 693 habitus,
926 642 985 696 quod
995 655 1077 684 munus

207 712 378 755 consecrationis
388 713 447 753 intra
457 711 540 753 limites
548 713 610 766 regni
621 714 696 753 contra
704 713 786 753 statuta
797 711 866 766 regni,
876 714 897 752 et
907 710 1075 766 prohibitiones,

206 783 348 836 gravissimas
369 782 499 823 minitantes
517 795 599 835 poenas
615 781 639 822 in
661 784 736 822 contra
757 781 869 831 facientes,
892 794 982 823 necesse
998 780 1076 823 habuit

205 851 289 907 aliquot
299 865 387 895 menses
403 852 478 905 fugam
494 864 577 906 capere,
594 864 622 893 ne
633 851 814 906 persequentium
829 849 918 894 insidiis
932 851 1075 907 interceptus,

203 921 293 976 iniquae
304 921 464 973 carcerationis,
477 924 516 963 aut
526 920 588 963 exilii
599 921 705 963 damnum
715 924 834 976 pateretur.

250 991 337 1042 Quanto
347 992 446 1047 primum
461 991 532 1042 licuit,
549 990 660 1046 Agentenr
676 991 700 1033 in
717 990 806 1033 Curiam
823 990 881 1033 hanc
896 991 1022 1042 destinavit,
1040 992 1076 1045 qui

204 1060 284 1103 Sedem
294 1062 382 1118 Apum„
390 1077 415 1105 ac
425 1062 525 1104 Eocmos.
536 1062 650 1118 Principes
662 1061 688 1104 de
699 1061 819 1104 Hiberniae
830 1062 943 1105 Ecclesiae
954 1065 1015 1104 statu
1026 1062 1075 1115 (sub

203 1131 330 1175 haereticor.
343 1147 407 1176 saeva
414 1133 538 1187 tyrannide)
548 1133 678 1175 fluctuantis
686 1133 800 1184 hactenus,
810 1147 834 1175 ac
843 1147 899 1188 pene
906 1133 1010 1175 confusae
1018 1147 1076 1174 nunc

204 1203 295 1245 demum
302 1204 409 1260 singulari
418 1203 439 1245 S.
448 1204 474 1246 D.
484 1204 512 1246 N.
523 1203 608 1246 Urbani
615 1203 680 1246 VIII.
692 1203 827 1258 benignitate
839 1216 883 1244 non
892 1202 1032 1244 mediocriter
1041 1202 1074 1243 in·

204 1276 321 1325 stauratae,
330 1274 395 1329 plene
402 1273 537 1325 informaret,
546 1273 668 1328 graviumq.
678 1271 839 1322 difficultatum,
847 1270 941 1323 dubios,
950 1284 974 1313 ac
981 1270 1074 1326 impedi-

204 1347 330 1385 mentorum
350 1344 434 1398 passim
456 1344 610 1394 exorientium,
629 1341 709 1398 quibus
729 1355 774 1384 non
795 1342 859 1384 aliter
874 1356 940 1397 quam
956 1355 995 1397 per
1012 1341 1074 1384 Sedis

202 1413 299 1469 Aplicae.
316 1414 486 1469 dispositionem
503 1414 613 1469 provideri
634 1413 713 1468 possit,
736 1412 841 1456 salutaria
859 1413 956 1456 remedia
977 1412 1074 1455 adhiberi

201 1487 335 1538 procuraret.

247 1553 306 1596 Item
317 1554 383 1610 pallio
394 1559 487 1610 recepto,
506 1554 672 1598 Sacramentum
690 1554 869 1597 Confirmationis
884 1558 934 1597 tum
948 1555 972 1596 111
984 1555 1075 1610 propria

202 1623 311 1675 Dioecesi,
323 1628 370 1666 tam
390 1628 450 1667 extra
466 1625 493 1667 de
509 1638 619 1667 consensu
632 1625 753 1679 respective
769 1625 903 1667 Ordinarior.
915 1628 1005 1666 centum
1015 1623 1075 1665 mille

201 1693 332 1736 hominibus
343 1695 432 1736 circiter
442 1695 558 1750 utriusque
570 1707 635 1737 sexus
647 1693 788 1736 ministravit.

250 1763 309 1805 Item
321 1777 385 1806 suam
395 1764 521 1806 Dioecesim
538 1763 656 1819 quotannis
672 1762 789 1818 inproprie
799 1776 894 1818 persona
904 1763 1008 1813 visitavit,
1021 1776 1075 1818 quae

204 1833 304 1876 continet
314 1833 402 1877 insulas
413 1834 437 1875 in
455 1833 527 1876 medio
545 1833 601 1875 mari
619 1834 680 1883 sitas,
701 1833 763 1888 aliaq.
779 1821 826 1875 loca
837 1847 919 1888 aspera,
932 1837 1040 1883 montosa,
1053 1837 1074 1875 et

203 1904 249 1945 fere
259 1904 427 1954 inaccessibilia,
438 1904 463 1946 iu
473 1903 621 1960 quibus'ante
638 1903 756 1945 bominum
773 1904 902 1945 memoriam
919 1903 995 1945 nullus
1012 1904 1073 1946 visus

202 1978 237 2016 est
247 1974 372 2030 Episcopus
379 1990 386 2026 ,·
403 1977 436 2017 tot
451 1988 531 2031 passus
546 1977 581 2016 est
594 1973 740 2024 incommoda,
752 1973 849 2029 objectus
861 1987 924 2029 saepe
935 1973 1038 2029 periculis
1049 1974 1072 2016 in

201 2044 264 2095 mari,
274 2044 348 2099 sepius
358 2044 383 2085 in
393 2048 452 2085 terra
459 2047 535 2086 noctes
544 2043 623 2099 adjecit
630 2042 707 2085 diebus
715 2042 808 2098 pedibus
816 2043 945 2094 incedendo,
954 2047 980 2085 ut
987 2043 1073 2086 difficile

199 2113 260 2157 dictu
272 2114 308 2167 sit,
320 2115 410 2171 quantis
420 2115 538 2166 aerumnis,
550 2115 660 2171 quantisq.
677 2113 787 2156 laboribus
806 2128 863 2156 onus
882 2128 948 2156 suum
959 2116 1072 2169 supporta-

199 2187 255 2228 verit
265 2201 270 2237 3
288 2200 312 2228 ca
326 2189 402 2228 tamen
413 2186 562 2229 consolatione
574 2185 695 2228 destitutus
707 2188 748 2236 est,
760 2188 785 2227 ut
802 2185 877 2228 sedem
889 2198 952 2227 suam
962 2188 1071 2239 metropo-

199 2256 284 2299 liticam
293 2257 406 2308 ruamen,
414 2261 476 2299 metu
483 2255 688 2313 pseudo-Archiepi.
696 2256 792 2298 hominis
800 2255 908 2312 deperditi
914 2257 938 2298 in
945 2269 970 2298 ea
977 2270 1071 2298 commo-

200 2327 271 2368 rantis
281 2327 354 2368 ridere
365 2328 501 2382 nequiverit;
517 2326 570 2369 hinc
582 2327 614 2378 fit,
626 2330 651 2368 ut
662 2326 686 2368 in
697 2326 823 2369 visitatione
835 2340 887 2368 suae
897 2326 1010 2368 Dioecesis
1027 2325 1072 2366 sola

201 2395 310 2437 nobilium
319 2396 450 2439 Catholicor.
462 2398 568 2439 charitate
580 2411 630 2440 eum
641 2397 664 2438 in
673 2397 750 2439 domos
760 2410 811 2440 suas
818 2396 915 2451 hospitio
926 2394 1071 2437 misericordi-

201 2467 237 2505 ter
248 2464 411 2519 recipientium,
424 2469 568 2508 sustentetur.

246 2534 305 2576 Item
315 2534 429 2589 Syncdum
437 2537 561 2578 convocarit
567 2536 733 2588 Provincialcm,
738 2538 801 2591 cujus
810 2539 894 2578 statuta
903 2535 966 2577 Sedis
974 2534 1070 2590 Aplicae.

200 2606 368 2648 confirmatione
381 2604 468 2660 probari
479 2608 568 2658 curavit,
585 2622 661 2662 pacem
677 2607 731 2649 adeo
747 2620 796 2648 cum
809 2607 855 2649 suis
868 2605 1010 2661 suffraganeis
1022 2620 1070 2647 con-

199 2679 278 2727 servat,
290 2679 316 2718 ut
327 2688 405 2717 omnes
416 2675 483 2717 unius
495 2676 538 2717 oris
549 2680 572 2717 et
582 2677 633 2718 labii
644 2676 766 2727 videantur,
776 2689 800 2717 ac
809 2675 937 2717 dioecesana
943 2674 1070 2731 Metropoli—

198 2746 245 2788 tani
257 2748 341 2788 statuta
352 2758 430 2787 ornnes
441 2746 569 2799 receperint,
581 2746 631 2801 iisq.
644 2760 666 2789 se
678 2760 702 2787 ac
713 2759 765 2788 suos
776 2746 920 2787 conformant.

245 2816 304 2859 Item
314 2815 438 2858 haereticos
449 2815 476 2857 ad
487 2828 594 2870 magnum
608 2822 727 2857 numerum
743 2815 835 2857 Eccliae.
847 2815 977 2865 conciliavit,
987 2817 1069 2871 praedi-

198 2886 292 2929 cationis
303 2900 387 2929 munus
398 2899 436 2942 per
447 2898 470 2927 se
481 2885 557 2940 ipsum
567 2887 671 2939 praestat,
684 2884 770 2940 quoties
780 2899 817 2940 per
828 2885 949 2928 haereticos
960 2886 1019 2929 licet.

244 2958 304 3000 Item
321 2957 476 3014 Archiepatus.
491 2956 598 2999 Tuamen.
609 2955 675 2998 habet
682 2956 785 3007 maneria,
796 2969 835 2999 seu
846 2957 935 2999 castella
946 2957 983 3000 24.
1007 2958 1069 3013 Capi-

198 3027 271 3070 tulum
283 3031 368 3071 constat
387 3043 413 3071 ex
430 3027 526 3078 Decano,
547 3026 697 3079 Praecentore,
717 3025 882 3079 Archidiacono,
900 3027 1034 3083 Praeposito,
1048 3031 1069 3069 et
