2416 3337
384 143 528 174 sprernnffluru
543 142 687 174 OSSORIENSE.

104 294 226 350 Synodum,
246 304 288 346 qua
304 293 339 332 est
355 289 423 330 animi
443 287 598 343 magnitudine
617 288 740 344 praeditus,
764 302 812 331 esse
838 288 972 331 reddendam

102 365 213 407 0111110101,
247 361 307 412 Quae
324 373 373 415 spes
385 362 489 414 concepta
504 359 528 400 in
545 373 608 414 spem
623 359 732 413 optimam
750 357 872 402 nonnullos
888 359 972 414 erigere

101 434 157 476 milri
167 434 214 476 risa
225 436 264 476 est,
295 432 344 474 Hoc
356 444 404 473 uno
420 434 481 473 metu
497 434 611 485 anguntur
626 430 729 486 hyspani,
749 445 778 473 ne
796 430 877 472 Ceasar
892 430 972 473 adduci

97 505 175 561 possit,
188 508 213 546 ut
224 504 297 546 credat
308 502 364 545 hanc
375 502 528 553 mutationem,
540 505 627 557 praeter
642 500 759 543 Pontificis
770 500 909 553 mandatum,
921 514 970 543 esse

97 577 185 619 factam.
218 575 281 627 Quod
298 589 338 631 ego
353 574 488 629 persuasisse
506 573 605 616 arbitror.
637 572 727 615 Caetera
743 573 857 629 praesenti
873 573 971 616 sermoni

97 662 191 690 reservo.
230 647 332 689 Oratores
356 644 415 687 Galli
436 644 488 687 hinc
507 644 616 696 abierunt,
642 645 730 700 primus
752 644 787 686 die
812 643 891 687 Martis
917 644 970 685 Eer-

97 720 183 771 rariam,
210 718 259 760 heri
284 718 349 760 illum
372 720 406 759 est
431 716 540 760 secundus
568 716 718 771 subsequutus
743 716 863 759 Veronam.
896 715 971 758 Hodie

96 789 208 832 Danesins
219 789 340 837 Patavium,
356 791 393 829 aut
404 788 516 830 Venetiae.
554 787 678 843 Episcopus
698 787 824 829 Fesulanus
845 800 895 842 egre
912 785 970 837 tulit,

97 875 119 903 se
134 862 252 902 inritatum
268 860 294 904 ad
316 860 374 902 diem
397 860 506 902 Sessionis
523 859 670 901 acerbioribus
687 859 767 912 verbis,
780 858 808 901 ad
821 858 968 915 purgandam,

95 930 203 983 videlicet,
217 931 392 973 contumaciam:
412 930 517 985 respondi
533 944 578 971 non
595 930 720 971 existimare
737 944 772 972 me
784 944 809 972 ea
825 930 889 972 verba
901 929 967 980 serio,

95 1001 197 1057 sedjoco
214 1001 271 1043 dicta
287 1015 343 1043 esse.
376 997 441 1043 narb
460 1000 550 1042 Triden.
562 1001 631 1042 adest.
664 1000 785 1054 Sollicitari
802 1000 926 1056 Theologos
943 1004 970 1042 ut

96 1074 153 1116 sein
170 1072 328 1122 viamydarent.
360 1072 428 1127 Spero
445 1072 521 1114 Gallos
537 1071 598 1113 brevi
615 1072 842 1123 Bononiaet'uturos.
873 1071 966 1114 Osculor

95 1159 174 1187 manus
185 1143 244 1185 Emi.
257 1147 278 1185 et
289 1143 356 1186 illini.
369 1143 422 1184 Dni.
440 1140 503 1185 Gara.
523 1142 550 1184 de
566 1142 651 1193 Monte,
664 1156 676 1183 a
688 1155 731 1198 quo
742 1142 884 1185 veliementer
901 1142 967 1198 cupio

95 1216 142 1258 dari
153 1216 283 1271 diligentem
298 1228 394 1270 operam,
412 1219 437 1257 ut
453 1214 598 1257 conficiantur
614 1212 714 1257 Oenones
731 1213 759 1255 ad
779 1213 899 1269 frangenda
916 1228 970 1270 quo-

92 1287 198 1329 rumdam
210 1300 275 1342 prara
288 1285 372 1342 judicia
383 1285 461 1341 dignos
473 1289 495 1327 et
506 1284 610 1327 efficaces.
641 1284 696 1326 Ores
711 1284 765 1327 hinc
784 1283 902 1326 discedam.
937 1283 970 1325 Et

98 1357 157 1400 sil).
168 1355 313 1398 Minoriensis
323 1355 415 1398 moleste
426 1356 492 1397 ferret
504 1355 539 1396 sui
550 1354 668 1406 Gabrielis,
686 1369 752 1410 quem
770 1355 867 1398 inritum
883 1355 969 1397 diutius

95 1428 184 1479 retinui,
196 1441 287 1476 moram,
301 1426 386 1482 juvabit
401 1440 436 1468 me
447 1425 501 1467 DV.
513 1426 577 1467 lima.
593 1425 619 1467 ad
634 1425 768 1481 placandum
785 1425 857 1468 illum.
889 1426 968 1469 Gratia

96 1503 118 1540 et
128 1497 234 1540 fortitudo
246 1497 260 1539 J
262 1512 301 1539 esu
312 1496 396 1541 (lhristi
405 1497 525 1540 robiscum.

155 1613 264 1668 Tridenti,
275 1610 305 1661 ’17
317 1616 400 1667 lllartii,
418 1616 483 1661 1547.

433 1721 562 1773 aceneres,
580 1721 766 1778 Archiepiscopus
782 1721 941 1766 Armachanus.

146 1921 157 1975 ξ
168 1921 311 1990 12.-Lettcr
321 1928 342 1963 to
353 1921 398 1963 His
409 1921 522 1974 Holicess,
528 1921 592 1976 fiam
601 1921 710 1977 Balearic,
721 1923 750 1966 29
760 1922 835 1978 April,
849 1924 915 1969 1547.

351 2027 497 2070 Smerrssrrro
511 2028 603 2071 Douma
614 2027 711 2071 Nosrao.

138 2130 271 2172 Beatissime
288 2130 353 2172 Pater
364 2130 368 2171 !
394 2130 470 2173 Sciens
481 2131 626 2174 Sanctitatem
637 2129 743 2174 Vestram
754 2132 781 2174 ab
792 2132 878 2188 Angelo
888 2135 965 2190 magni

95 2202 188 2245 Ooncilii
199 2201 266 2257 dirigi
272 2205 293 2243 et
300 2202 327 2244 de
334 2201 412 2243 Vestra
419 2216 471 2257 erga
476 2216 619 2258 progressum
628 2202 665 2246 SS.
673 2203 741 2259 hujus
752 2204 847 2247 Caecilii
853 2205 965 2248 voluntate

93 2273 172 2325 fidens,
190 2286 302 2328 quousque
319 2286 344 2314 ea
359 2272 433 2314 omnia
451 2276 585 2326 statuantur,
597 2288 652 2331 quae
670 2274 698 2316 ad
717 2275 883 2318 restitutionem
899 2291 965 2319 sanae

93 2344 205 2395 doctrinae
212 2347 234 2385 et
244 2343 362 2399 proborum
370 2344 393 2385 in
400 2343 501 2386 Ecclesia
509 2359 597 2388 morum
606 2349 712 2403 spectant,
723 2348 779 2390 satis
790 2347 847 2389 mihi
857 2347 965 2391 haetenus

93 2416 166 2458 risum
177 2417 212 2456 est
223 2414 250 2456 ad
265 2413 341 2457 Rmos.
353 2413 448 2470 Legatos
460 2429 485 2457 ea
496 2416 584 2468 referre,
597 2418 720 2473 quaemihi
737 2418 805 2475 digna
816 2424 964 2472 occurrerunt,

93 2500 131 2541 per
142 2499 196 2542 quos
207 2485 310 2527 reddetur
322 2484 343 2527 S.
354 2484 380 2527 V.
394 2485 419 2527 de
431 2485 534 2529 omnibus
545 2488 630 2531 certior.
661 2488 727 2531 Nunc
737 2504 788 2533 1010
800 2504 850 2531 cum
862 2504 887 2531 er
898 2491 964 2532 variis

93 2558 147 2599 locis
154 2570 217 2600 voces
229 2558 302 2613 spargi
313 2556 400 2599 audiam
408 2557 578 2612 conclamantes,
590 2560 656 2617 idque
663 2560 830 2616 postulantibus
841 2562 964 2617 praecipuis

91 2627 239 2684 Principibus,
250 2642 381 2684 suspensum
393 2629 524 2681 Concilium,
533 2636 656 2675 commotus
668 2632 715 2675 zelo
724 2628 835 2689 imprimis
843 2647 881 2688 pro
889 2633 960 2688 gloria

92 2700 136 2741 Dei
145 2703 168 2741 et
175 2698 255 2741 Vestra
265 2700 289 2741 in
300 2699 396 2752 Christo,
406 2700 545 2744 dissimulare
556 2717 602 2745 non
613 2704 676 2760 potui
686 2703 785 2746 dolorem
796 2718 877 2754 meum,
889 2717 961 2759 neque

92 2771 186 2813 retinere
198 2769 301 2813 desiderii
312 2771 356 2813 mei
367 2772 491 2815 consilium.
524 2773 581 2817 Vere
592 2776 629 2831 qui
639 2775 674 2817 vel
690 2775 784 2818 suadent
795 2774 829 2817 vel
840 2774 961 2817 consulunt

92 2841 230 2896 hujusmodi
242 2843 416 2898 suspensionem,
424 2858 503 2900 parum
510 2843 629 2888 admodum
639 2846 773 2902 perpendere
782 2844 883 2886 videntur
894 2845 961 2887 affiic-

90 2915 126 2953 tae
144 2911 256 2955 Ecclesiae
267 2914 394 2967 utilitatem,
406 2919 428 2958 et
439 2916 506 2959 simul
522 2918 624 2960 auferunt
639 2917 700 2959 vobis
711 2920 809 2972 paratam
827 2916 962 2961 immortalis

91 2981 172 3037 gloriae
181 2996 291 3027 coronam.
318 2985 375 3028 Nam
385 3001 428 3042 qua
436 2988 471 3031 vita
480 2987 551 3031 sedari
558 2989 678 3030 imminens
687 2988 742 3030 forte
752 2986 854 3031 schisma
862 2993 960 3044 putatur,
