2416 3337
456 156 602 187 srronnerun
617 156 760 186 ossonrnnsn.
1005 144 1047 187 197

176 300 264 344 Fratres
282 301 373 343 alterins
385 300 477 342 Ordinis
487 301 646 355 praeseferrent
656 301 680 342 in
692 300 769 342 eodem
785 300 865 354 oppido
880 299 982 350 residere,
999 301 1049 355 quia

176 369 322 424 eleemosynis
340 369 468 424 oppidanor.
487 369 558 412 rivere
576 369 724 421 intenderent,
737 366 850 425 quidquid
863 368 926 410 aliter
945 367 1048 419 dicerent,

175 442 216 483 1100
227 454 271 482 non
289 453 355 495 posse
366 440 413 483 fieri
429 443 519 495 propter
533 440 575 482 loci
593 445 752 497 paupertatem,
765 440 818 496 quin
836 439 993 495 praeexistens,
1007 443 1051 481 eta

175 513 209 552 101
220 509 299 552 seculis
313 510 418 553 fundatus
430 510 595 553 Franciscanor.
607 515 729 554 conventus
740 510 902 562 dissolveretur,
915 512 937 551 et
949 509 1051 552 scandalo

175 579 435 636 111111111111111011111,ι
463 581 529 641 etin
548 595 664 624 commune
684 581 763 632 sentio,
782 580 841 624 salvo
859 593 946 635 semper
964 578 1050 621 meliori

172 650 262 706 jndicio,
282 650 393 708 ubicumq.
412 652 435 694 in
456 651 497 694 boc
518 651 598 694 afflicto
618 666 686 709 regno
709 651 839 708 Religiosor.
860 652 981 693 conventus
1000 653 1049 692 actu

175 722 257 774 existit,
269 736 313 765 non
323 736 371 765 esse
379 724 455 765 fratres
463 722 554 765 alterius
564 723 655 774 ordinis,
666 722 732 764 etiam
741 721 901 773 missionarios,
910 719 969 762 ultra
978 732 1047 762 unum

174 806 273 835 mensem
280 792 308 835 ad
313 793 456 835 residendum
463 792 698 836 ibidemadmittendos
706 794 750 836 nisi
754 792 873 848 Religiosis
881 791 1047 848 praeexistenti·

174 861 223 912 bus,
236 866 258 904 et
268 862 384 904 Ordinatio
395 863 444 912 loci,
456 866 479 904 et
496 863 573 906 incolis
583 864 638 919 ipsis
649 863 847 914 consentientibus,
860 865 949 918 propter
963 862 1046 917 patriae

175 944 234 972 nrae.
246 935 406 986 paupertatem,
417 931 469 985 quia
479 945 504 973 os
514 932 564 974 bovi
574 933 689 975 trituranti
699 933 771 974 claudi
781 946 826 974 non
837 932 908 984 debet,
918 932 978 986 quod
988 935 1046 974 certe

173 1000 231 1054 apud
242 1014 282 1043 nos
292 1001 362 1050 fieret,
371 1014 438 1043 novos
450 1000 572 1056 Religiosos
583 1002 645 1043 aliter
657 1002 807 1051 admittendo;
820 1006 842 1042 et
853 1002 897 1044 nisi
906 1015 931 1043 ea
938 1003 1012 1056 praxis
1023 1003 1046 1045 in

173 1070 209 1113 his
220 1071 318 1127 partibus
336 1075 440 1123 servetur,
452 1071 547 1126 proclive
558 1075 599 1123 est,
611 1076 637 1114 ut
652 1084 692 1127 pro
703 1071 854 1113 aedificatione
866 1071 1046 1122 destructionem,

172 1154 211 1195 pro
232 1141 338 1197 reiigione
354 1132 509 1192 dissentiones,
528 1154 567 1196 pro
584 1140 689 1183 charitate
709 1141 834 1183 simultates
852 1141 911 1182 inter
928 1140 1045 1196 religiosos

172 1211 239 1266 ipsos,
255 1212 278 1254 in
294 1211 365 1254 oculis
379 1211 558 1267 protestantium,
575 1211 634 1266 quod
649 1211 712 1253 Deus
729 1225 794 1254 omen
815 1214 906 1262 avertat,
922 1210 1044 1253 rideamus.

172 1280 245 1336 Atque
256 1282 286 1324 ita
295 1281 384 1324 nullum
395 1295 470 1324 meum
479 1282 588 1337 judicium
604 1282 755 1337 interponens,
768 1281 807 1325 sed
816 1284 907 1324 tantum
918 1281 1046 1336 opinionem

173 1352 248 1407 (prout
258 1352 308 1394 Vra.
319 1351 449 1408 Amplitudo
460 1352 583 1408 requisivit)
598 1352 710 1395 declarans
726 1351 842 1394 humiliter
852 1352 919 1394 finem
930 1352 993 1404 focio,
1006 1364 1045 1408 pro

171 1421 235 1463 Vrae.
247 1421 381 1477 perillustris
391 1422 456 1463 Dnis.
467 1425 559 1478 utreque
572 1422 649 1475 salute,
661 1422 735 1465 Deum
746 1421 822 1465 sedulo
833 1421 958 1477 deprecans.

216 1490 300 1532 Datum
311 1490 417 1545 vigesimo
429 1490 492 1546 Maji,
505 1491 569 1534 1634.

217 1560 296 1603 Postea
307 1559 395 1602 lllmus.
407 1558 575 1602 Ardmacbanns
585 1560 707 1603 Hiberniae
718 1562 804 1604 Primas
815 1561 953 1619 subscripsit.

217 1629 278 1672 Haec
286 1630 348 1685 eopia
356 1629 470 1671 literarum
478 1629 546 1672 lllrni.
555 1630 659 1687 Hngonis
666 1630 777 1686 Arcbiepi.
787 1629 936 1673 Ardrnaohani
945 1635 967 1673 et
973 1633 1043 1676 totins

171 1701 291 1744 Hiberniae
308 1701 413 1743 Primatis
429 1701 456 1743 ad
474 1701 573 1744 lllmunr.
586 1716 610 1744 11
627 1702 717 1744 Rmnm.
731 1701 847 1745 dominum
862 1703 889 1745 D.
903 1702 999 1745 Fabium
1018 1704 1044 1746 de

170 1772 295 1828 Lagonissa
304 1771 446 1827 Arcbiepum.
458 1771 616 1828 Compsannrn,
628 1773 685 1815 etin
696 1773 817 1816 Provinciis
828 1773 932 1829 Belgicis,
945 1788 970 1816 11
986 1774 1044 1817 Bur·

170 1843 265 1899 gundiae
275 1843 392 1905 vOomitatu
408 1842 520 1886 Nuntium
535 1843 646 1899 Aplicum.
664 1844 782 1888 concordat
794 1858 845 1888 cum
857 1844 966 1901 originali,
978 1849 1043 1901 prout

170 1915 226 1956 11011
237 1914 352 1976 collatione
363 1914 466 1970 comperi.
499 1915 534 1957 Ita
550 1917 629 1959 testor.
1049 1921 1051 1923 ’

216 1999 298 2043 Datum
315 2001 344 2046 27
356 2001 418 2057 Mcji,
432 2001 498 2044 1634.
542 2019 544 2021 ’

635 2079 687 2122 Eeo
698 2080 821 2123 Pnrnnrus
834 2080 964 2129 Gentinos,
1033 2100 1035 2104 >

561 2149 628 2191 lllmi.
641 2149 761 2192 Hibernia-e
772 2150 877 2192 Primntis
889 2150 1031 2193 Seoretarius.

585 2454 634 2496 LX.

236 2564 332 2607 Lnrrnn
347 2576 375 2607 on
390 2575 436 2607 nnn
452 2563 538 2607 Brsnor
554 2574 581 2604 or
597 2561 674 2604 anrs
692 2575 719 2604 ro
735 2576 781 2605 rna
799 2564 931 2608 Sncnnranr
946 2577 974 2606 or

522 2633 676 2674 Proriernur.

388 2737 517 2777 [Tnausnarnn
526 2744 576 2768 nnou
584 2743 621 2769 run
630 2734 706 2768 Iram
716 2736 815 2776 onmrnrn]

140 2882 144 2886 .
214 2827 287 2871 Yonrs
303 2829 329 2870 01
341 2828 380 2871 the
395 2829 436 2871 1111
452 2830 476 2871 01
489 2829 601 2883 February
611 2829 631 2870 is
646 2828 685 2870 the
701 2827 746 2869 last
760 2827 825 2869 letter
836 2826 905 2869 which
916 2824 993 2869 Ihnve
1005 2841 1038 2871 re-

170 2895 244 2936 ceived
255 2897 311 2938 from
321 2912 377 2952 your
387 2898 527 2954 Excellenoy,
540 2898 582 2940 and
598 2899 654 2950 init,
666 2897 720 2939 with
730 2912 784 2952 your
796 2896 859 2938 usual
869 2894 983 2949 lindness,
995 2912 1040 2953 you

92 2969 93 2972 ’
169 2965 271 3020 acquaint
280 2979 316 3009 me
327 2968 380 3009 with
390 2969 429 3010 tbe
440 2968 584 3012 Resolutions
596 2967 690 3024 adopted
700 2971 723 3010 at
734 2967 771 3009 the
782 2965 862 3019 special
874 2966 1038 3023 Gongregation
