2416 3337
195 229 238 270 210
473 239 616 269 1111111111
632 239 773 270 ossonransn.

193 389 333 446 dispositioni
343 393 364 432 et
374 390 482 435 voluntati
492 404 527 432 rne
538 390 623 446 integre
639 393 661 432 et
676 388 790 432 humiliter
801 388 912 438 submitto,
923 387 1016 442 Deumq.
1029 386 1054 428 Ο.

192 461 223 504 M.
234 462 342 505 instanter
350 466 372 504 et
382 477 409 505 ex
419 464 492 505 1111111
502 475 583 517 precor,
596 465 621 503 nt
631 461 718 503 Ernara
729 460 832 503 oviam.
845 460 881 503 diu
892 459 1024 502 incolumem
1033 461 1054 500 et

193 532 278 575 felicem
289 532 336 589 huj.
349 533 422 575 afflicti
433 533 494 589 regni
504 535 648 588 protectorem
659 534 776 574 conservet.

238 614 274 655 Ex
284 614 380 656 incertae
391 613 511 656 mansionis
522 613 568 654 loco
579 612 633 667 ltlaji
645 612 679 654 die
692 613 719 654 13
730 627 746 653 a.
760 612 823 654 1636.

282 684 353 734 Eine,
364 684 398 725 dcc,

521 739 745 794 Obsequentissinrus,

402 812 477 861 Haeo,
489 810 601 865 Archieps.
612 809 748 852 Armacanns
759 810 828 853 totius
834 810 954 854 Hiberniae
961 812 1051 855 Primos.

190 945 248 987 Rara.
260 943 318 985 Dra.

233 1016 303 1070 Epus.
313 1013 468 1056 Kilmorenad
479 1013 591 1056 evitandas
601 1015 773 1070 persecutiones,
783 1028 837 1069 quas
848 1029 860 1056 a
872 1014 1023 1058 Sacerdotibus
1032 1020 1053 1058 et

188 1086 250 1129 laicis
262 1100 314 1129 snae
326 1086 431 1128 dioecesis
447 1086 537 1141 patitur,
546 1085 612 1129 vellet
624 1086 1050 1143 1111111111.Β1111.1111111111,11]“11

189 1158 231 1200 fnit
243 1157 295 1200 alias
306 1158 362 1209 Vic,
370 1157 465 1213 Aplicus.
474 1157 556 1200 Verum
567 1172 617 1199 cunr
628 1158 688 1200 Emi.
697 1158 738 1199 PP.
749 1158 776 1199 cle
784 1159 886 1213 praefatis
894 1161 1051 1214 persecutioni·

189 1229 239 1280 bus,
252 1234 273 1271 et
284 1230 310 1272 de
319 1230 448 1272 necessitate
460 1233 497 1271 aut
508 1229 603 1271 utilitate
613 1230 694 1285 petitae
705 1230 853 1271 translationis
864 1230 947 1271 1111111
958 1230 1052 1273 habeant

190 1302 299 1352 notitiam,
305 1303 421 1357 jusserunt
427 1301 498 1356 Ampl.
517 1301 689 1355 Tnaeperscribi,
696 1305 720 1342 ut
727 1301 892 1343 informationes
900 1301 927 1343 de
935 1302 1052 1357 praedictis

189 1376 294 1420 assumar,
307 1375 329 1413 et
340 1385 390 1412 cuna
401 1385 440 1413 sno
452 1374 501 1412 voto
512 1371 539 1412 ad
549 1370 605 1412 hano
615 1370 663 1412 SC.
672 1371 814 1421 transmittat,
823 1374 848 1412 11
858 1375 934 1426 postea
943 1373 1052 1415 maturius

188 1442 301 1483 decernere
312 1441 405 1496 possint,
418 1440 470 1495 qnid
481 1444 628 1495 opportunam
639 1440 680 1482 hac
690 1441 713 1482 in
724 1455 747 1483 re
758 1440 803 1483 illis
814 1440 928 1483 ridebitur.
960 1443 990 1485 Et
1001 1457 1051 1484 1111

188 1511 223 1554 his
234 1509 307 1566 Ampl.
321 1511 381 1552 Tuae
391 1510 463 1552 fausta
473 1525 485 1552 1
495 1511 550 1553 Dno.
563 1525 644 1566 precor.

233 1606 314 1648 Rornae
326 1607 339 1647 2
350 1605 407 1662 Aug.
420 1606 486 1648 1635.

464 1681 537 1737 Anapi.

518 1764 558 1806 Uti
569 1764 635 1806 frater
646 1764 828 1816 studiosissimus,

620 1904 621 1907 Ἰ
653 1848 720 1891 Cana.
735 1848 852 1892 Annorncs
867 1849 1018 1892 Baannnrnns.

235 1918 367 1960 Franciscns
378 1918 476 1974 lngolns,
490 1918 582 1960 Secrius.

309 1994 344 2036 Ad
355 1994 495 2050 Archiepnrn.
507 1995 661 2037 Armaoannm.

279 2467 360 2508 Tanna
376 2467 482 2511 Lnrrnss
498 2482 525 2510 11
541 2482 585 2511 rna
602 2470 689 2512 Brsnor
706 2481 732 2510 on
749 2470 837 2512 Ossonr
853 2484 876 2513 nr
893 2471 958 2513 1636.

187 2583 244 2625 Ean.
256 2582 353 2632 Parnes,

232 2653 279 2704 Qua
289 2652 354 2708 potui
365 2651 512 2694 sollicitudine
520 2657 541 2695 et
550 2653 679 2697 assiduitate
688 2655 733 2710 jam
742 2655 807 2697 annis
817 2654 927 2697 sexdecim
936 2655 1049 2712 advigilent

185 2725 236 2767 11111
249 2724 362 2767 Ossorien.
374 2722 475 2773 diaecesi,
487 2723 510 2764 in
527 2738 569 2779 qna
580 2725 721 2781 gubernanda
735 2739 780 2767 non
795 2740 894 2768 mearum
905 2726 985 2769 idriam
996 2741 1049 2783 quas

185 2796 229 2838 scio
246 2795 397 2845 tenuissimas,
416 2787 454 2836 sed
471 2794 555 2836 divinae
569 2795 676 2837 bonitatis
691 2809 745 2850 qiiae
761 2810 801 2837 nec
816 2796 911 2839 limitem
927 2796 1048 2841 habetdeo

184 2868 312 2919 terminum,
333 2866 414 2909 fiducia
433 2866 509 2917 fretus,
528 2865 558 2908 sie
579 2880 721 2922 progressum
739 2866 781 2908 leci
799 2870 824 2909 11
845 2871 867 2909 11
887 2868 910 2910 11
933 2867 1049 2925 disciplina

183 2940 341 2983 Ecclesiastico
349 2943 371 2982 11
379 2940 403 2981 11
411 2938 511 2981 moribus
519 2940 583 2993 atque
590 2938 702 2981 institutis
709 2937 797 2982 Xtianis
805 2942 826 2981 et
833 2939 857 2983 in
867 2939 917 2982 fidei
926 2940 1049 2984 Catholicae

184 3011 278 3055 tuendae
290 3025 314 3053 11
325 3010 478 3067 propagandae
495 3010 618 3053 constantia
634 3014 656 3052 et
671 3010 695 3051 in
711 3010 769 3065 pacis
786 3025 810 3053 11
820 3012 946 3055 concordiae
957 3012 1050 3056 nexibus
