2416 3337
432 173 574 203 srrernnsrun
590 173 733 203 ossonrnnsn.
975 158 1018 200 265

153 320 311 376 qualiscunque
321 321 412 373 quaerat
426 330 502 372 pacem
513 320 550 358 aut
566 315 683 358 submittat
700 330 723 357 se
734 316 835 357 hostibus
853 316 900 357 sine
911 329 1019 358 consensu

153 390 239 432 concilii
249 388 358 444 generalis
368 387 437 430 totius
447 386 510 442 regni
522 385 563 428 sub
572 399 644 440 poena
655 385 890 440 excommunicationis·
904 385 952 439 ipso
963 386 1020 427 iacto

152 458 290 510 incurrenda,
302 461 324 500 et
340 471 379 513 pro
390 456 489 499 ulteriori
504 456 580 498 robore
592 455 661 511 hujus
672 456 752 498 statuti
768 454 909 504 observando,
919 455 1021 498 volumus

152 533 178 572 ut
189 530 212 572 in
223 529 317 587 singulis
327 529 444 586 provinciis
452 529 539 586 juretur
547 532 621 571 sancte
630 542 643 570 a
653 528 786 584 proceribus,
794 527 912 579 nobilibus,
922 540 1022 582 corpora-

152 595 250 644 tionibus
257 605 279 644 et
290 601 402 644 ordinibus
413 599 563 657 provinciariis
572 603 594 642 et
604 599 699 655 desuper
709 599 886 642 instrumentum
893 597 1022 640 conficiatur

152 671 305 716 authenticum
312 676 334 715 et
344 673 443 730 singulae
450 672 572 729 provinciae
579 671 671 714 mittant
682 671 771 727 singula
778 671 927 713 instrumenta
934 669 1021 711 firmata

152 743 301 801 chirographis
311 731 486 800 juramentorum
501 745 549 788 aliis
563 745 680 801 provinciis
696 744 720 786 in
736 743 890 786 testimonium
897 742 1020 799 juramenti

151 816 257 871 praestiti,
270 817 341 872 etqui
356 815 397 858 hoo
406 816 536 858 mandatnm
546 815 676 858 verbotenus
688 815 800 858 observare
817 812 969 856 detractaverit
979 826 1019 867 pro

151 884 273 928 adversario
284 899 362 927 causae
373 885 496 928 communis
507 889 528 927 et
538 886 600 941 regni
610 886 715 928 habeatur
724 889 746 928 et
757 889 783 927 ut
793 885 844 927 talis
855 884 960 941 puniatur
971 883 1017 926 nisi

151 960 268 998 excusatus
279 956 308 998 sit
318 957 403 999 ratione
413 955 506 998 inferius
516 957 659 999 insinuanda.

197 1026 317 1068 Perfectum
332 1040 408 1082 pacem
424 1030 446 1068 et
461 1025 589 1067 charitatem
602 1027 668 1081 juxta
685 1027 784 1069 debitum
802 1026 891 1068 unionis
909 1025 1019 1068 observari

150 1096 208 1139 inter
218 1097 347 1153 provincias,
359 1096 484 1147 comitatus,
496 1096 594 1139 ciaitates
606 1100 628 1138 et
643 1097 738 1140 familias
749 1100 825 1139 curent
836 1096 950 1152 praecipue
961 1095 1019 1137 loco-

150 1182 200 1210 rum
211 1167 320 1220 ordinarii,
333 1169 504 1218 concionatores,
516 1169 651 1221 confessarii,
662 1168 753 1225 parochi
764 1172 786 1210 et
796 1168 833 1210 alii
844 1167 993 1210 ecclesiastici.

195 1239 257 1281 Bona
271 1239 361 1282 mobilia
374 1239 408 1281 rel
421 1238 544 1282 immobilia
555 1238 719 1283 Catholicorum
735 1243 861 1295 recuperata
875 1238 902 1281 ab
916 1238 1019 1280 hostibus

149 1324 215 1352 causa
225 1311 347 1365 praesentis
357 1310 409 1353 belli
420 1309 562 1353 devolvantur
573 1311 600 1353 ad
611 1312 695 1367 priores
707 1314 729 1353 et
740 1311 839 1367 proprios
848 1324 989 1366 possessores
997 1315 1019 1352 et

149 1381 257 1432 dominos,
269 1381 372 1424 deductis
384 1381 492 1436 expensis,
508 1382 638 1424 necessariis
655 1386 676 1424 et
692 1381 860 1424 rationabilibus
871 1381 972 1424 taxandis
984 1381 1018 1423 rel

149 1452 320 1495 determinandis
342 1466 354 1493 a
376 1452 468 1494 concilio
489 1452 606 1496 cathedrali
625 1453 659 1496 vel
678 1452 804 1509 provinciali
824 1452 923 1508 proximo
949 1452 984 1494 vel
1005 1467 1018 1494 a

149 1523 306 1565 commissoriis
317 1522 441 1573 comitatus,
453 1523 477 1564 in
488 1537 530 1578 quo
540 1524 646 1567 habitant.

196 1592 252 1635 Cum
262 1592 328 1634 multi
337 1593 404 1635 variis
414 1592 487 1636 modis
498 1607 548 1649 erga
558 1593 615 1636 hanc
627 1608 714 1637 oausam
725 1607 749 1636 se
759 1597 843 1649 gerant,
852 1593 941 1649 quidam
951 1608 1017 1649 opera

148 1667 171 1706 et
185 1663 271 1705 auxiliis
286 1663 415 1706 adversariis
429 1662 549 1715 adsistunt,
561 1664 651 1720 quidam
665 1663 796 1707 victualibus
806 1668 828 1706 et
843 1665 916 1716 armis,
928 1665 1017 1719 quidam

148 1734 240 1777 consilio
251 1738 272 1776 et
283 1733 416 1777 authoritate
430 1737 453 1776 et
467 1734 530 1789 quasi
544 1734 656 1778 adversam
670 1739 754 1791 partem
765 1735 916 1786 sustentando,
929 1734 1019 1790 quidam

148 1806 242 1862 denique
249 1806 378 1848 neutraliter
389 1820 412 1848 se
422 1805 512 1857 habent,
522 1807 559 1849 alii
570 1807 667 1858 demum,
675 1808 799 1863 juramento
809 1806 917 1863 neglecto,
929 1821 1018 1850 oausam

148 1876 258 1928 deserunt,
270 1882 292 1919 et
302 1878 408 1920 unionem
419 1877 563 1921 Catholicam.
594 1879 641 1923 Nos
657 1879 726 1935 igitur
738 1878 911 1921 determinamus
922 1882 944 1920 et
956 1872 1022 1934 judi-¹

148 1961 231 1998 camus,
243 1960 319 1990 omnes
336 1951 358 1990 et
376 1948 475 2008 singulos
495 1949 603 2003 ejusmodi
622 1949 743 1992 desertores
759 1963 798 2005 pro
813 1948 915 1992 hostibus
933 1950 1017 1991 nostris

146 2021 278 2074 pugnantes,
288 2018 315 2059 ad
326 2018 409 2060 bellum
420 2023 505 2069 cuntes,
516 2018 666 2070 defendentes,
683 2024 721 2061 aut
732 2019 773 2061 alic
789 2020 865 2075 quovis
875 2019 940 2061 modo
949 2020 1015 2062 assis-

146 2092 227 2139 tentes,
239 2092 261 2130 et
271 2103 331 2130 arma
342 2092 364 2130 et
375 2092 498 2131 comeatum
509 2089 683 2132 administrando
694 2092 732 2132 aut
743 2089 859 2132 consilium
870 2092 908 2131 aut
918 2089 1015 2131 favorem

145 2157 267 2214 praebendo
278 2157 500 2201 excommunicandos
511 2172 565 2210 esse,
579 2163 600 2201 et
611 2159 810 2202 excommunicatos
820 2158 922 2201 volumus
933 2159 1016 2201 emissa

146 2229 289 2272 declaratione
299 2230 422 2286 praesentis
430 2230 512 2272 decreti
522 2230 546 2272 in
557 2230 651 2286 singulis
660 2231 778 2286 respective
787 2230 923 2273 dioecesibus
934 2234 956 2272 et
967 2244 1013 2272 una

145 2314 185 2355 pro
195 2301 254 2342 trina
265 2301 413 2343 admonitione
422 2300 550 2356 praemissa,
561 2301 623 2356 cujus
636 2301 835 2344 administrationis
843 2300 917 2343 locum
928 2300 1016 2356 supple·

146 2375 219 2414 turam
228 2371 362 2415 declaramus
369 2372 439 2428 ipsam
450 2371 619 2414 declarationem
626 2372 662 2415 vel
669 2372 832 2415 intimationem
840 2373 921 2414 iactam
929 2372 952 2414 in
960 2372 1016 2422 loce,

146 2456 172 2484 ex
183 2456 225 2498 quo
236 2442 298 2486 facile
308 2443 430 2499 intelligere
440 2446 535 2500 possunt
545 2443 561 2484 ii
572 2443 599 2485 ad
609 2457 665 2500 quos
677 2446 767 2500 spectat.
799 2443 912 2486 {Indicium
928 2457 978 2485 vere
995 2445 1018 2485 et

145 2527 216 2569 poena
234 2515 368 2557 neutralium
384 2515 413 2558 sit
428 2528 496 2571 penes
506 2514 627 2557 ordinarios
643 2515 763 2572 respective
780 2515 885 2566 locorum,
897 2514 961 2557 modo
973 2514 1016 2568 ipsi

146 2584 250 2626 ordinarii
265 2599 309 2627 non
332 2585 377 2629 sint
398 2585 501 2629 contrarii
518 2585 600 2642 judicio
621 2584 689 2642 hujus
711 2586 885 2643 congregationis
905 2599 946 2640 quo
962 2598 1015 2625 casu

145 2655 290 2713 relinquimus
301 2656 479 2714 bletrcpolitanis
489 2656 603 2714 procedere
614 2661 690 2705 contra
701 2658 810 2714 ejusmodi
820 2657 939 2700 ordinarios
948 2655 1013 2711 juxta

142 2725 199 2780 juris
209 2726 374 2783 depositionem,
387 2731 409 2770 et
420 2742 498 2771 causae
508 2728 649 2783 exigentiam,
662 2729 720 2784 quod
731 2730 750 2771 si
761 2728 870 2771 noluerint
885 2725 1013 2780 Metropoli-

145 2798 197 2839 tanc
206 2796 300 2851 obedire,
310 2798 435 2842 deferantur
446 2814 534 2842 summo
543 2799 652 2842 Pontifici.
682 2800 705 2842 Si
712 2814 762 2843 vero
770 2802 791 2842 et
798 2798 840 2854 ipsi
848 2795 1014 2852 Metropolitani

144 2866 178 2908 rel
195 2867 344 2924 delinquentes
361 2884 442 2927 poenas
463 2872 545 2914 sanctis
564 2871 685 2915 canonibus
702 2871 795 2915 sancitas
810 2870 929 2919 incurrant,
946 2867 1014 2910 etad

147 2936 220 2980 sedem
230 2937 381 2992 Apostolicam
391 2941 524 2984 deferantur.

192 3006 316 3051 Statuimus
333 3024 411 3054 omnes
425 3016 446 3053 et
462 3012 561 3067 singulos
575 3013 693 3062 invasores,
705 3011 845 3065 usurpatores
856 3008 893 3064 qui
908 3008 935 3052 ab
948 3008 1015 3052 initio
