2416 3337
466 126 610 157 srrorrnerun
627 126 770 158 ossonrnnsn.
1013 119 1056 161 201

184 274 309 325 Quodcerte
315 271 379 314 nobis
386 275 432 313 tam
436 271 522 313 dissitis
529 285 568 326 per
574 270 639 312 locor.
644 270 765 321 intervalla,
771 276 818 313 tam
825 273 939 328 imparatis
947 288 959 315 a
966 279 1056 330 sumptu

182 344 269 385 itineris
280 340 394 395 requisito,
406 344 472 395 temq.
484 339 598 395 impeditis
606 353 675 381 curar.
683 339 803 396 multiplici
814 344 941 397 gravamine
951 357 1057 397 magnum

182 412 290 460 levamen,
298 413 320 451 et
329 408 426 452 solamen
437 413 476 452 est.
503 409 587 451 Idcirco
599 423 646 464 ego,
658 409 752 451 fratrum
761 423 828 453 meur.
836 412 940 467 quamvis
951 412 1058 454 minimus

181 486 258 522 tamen
269 480 339 531 exiis,
353 481 391 536 qui
401 479 466 522 modo
482 479 614 535 superstites
625 483 685 530 sunt,
698 480 877 536 antiquissimus,
890 482 958 537 hujus
975 482 1058 524 indulti

182 549 288 592 beneficio
302 550 345 591 frui
355 550 437 602 rolens,
450 554 472 592 et
487 553 612 592 reverenter
622 550 757 605 amplectens
772 552 892 606 gratiosam
908 553 965 594 hanc
982 553 1057 608 digna·

181 621 266 662 tionem
276 620 345 662 SSrni.
352 620 407 663 DN.
417 621 514 676 delegavi
522 635 594 663 meam
601 621 814 664 vioemProcuratori
822 637 866 666 non
876 624 1012 674 dioecesano,
1019 623 1058 665 sed

181 691 205 733 in
214 691 274 734 Urbe
282 706 341 734 nunc
348 692 443 735 moranti
451 691 479 733 D.
489 692 609 734 Edmundo
618 692 699 735 Dwirio
709 692 822 736 Sacerdoti
830 694 938 746 Hibemo,
946 694 968 736 S.
979 694 1054 737 Theoi.

181 759 222 803 Dfi'
228 766 254 804 ut
260 776 298 817 pro
307 776 349 812 me,
355 766 377 804 et
384 762 473 805 nomine
481 776 537 813 meo,
548 776 572 804 ac
580 763 675 805 Eoch'ae.
685 777 746 806 meae
755 764 869 807 etDioeoe.
877 765 1054 808 Ossorienexlri·

180 829 231 873 beat
249 831 271 872 S.
289 831 381 873 Senatui
400 831 492 873 Gonoilii
513 832 573 873 Trid.
594 832 741 888 interpretum
759 834 899 878 Relationem
919 836 1053 879 succinctam

180 900 303 955 praesentis
311 903 383 942 status
391 901 460 955 ejusd.
470 901 557 943 Dioece.
568 902 635 943 simul
643 917 693 944 oum
700 904 827 958 juramento
839 907 959 957 fidelitatis,
972 910 994 948 et
1004 920 1052 961 pro·

181 969 277 1011 sessione
287 969 338 1011 fidei
348 969 457 1011 munitam
468 983 516 1012 mea
528 969 695 1026 subscriptione,
701 976 722 1013 et
731 973 812 1028 sigillo,
821 979 846 1016 ut
853 975 923 1018 officio
931 990 980 1018 meo
989 977 1053 1018 satis-

180 1041 266 1091 faciam,
278 1040 436 1082 interveniente
447 1041 498 1082 Vra.
510 1041 600 1092 Emtia„
613 1042 683 1097 cujus,
696 1042 731 1084 &o

225 1110 261 1152 Ea
271 1111 317 1153 loco
326 1111 447 1166 praesentis
457 1125 519 1154 meae
529 1112 652 1154 mansionis
660 1112 683 1154 in
690 1112 730 1155 hac
739 1112 826 1156 Dioeee.
834 1115 954 1167 Ossorien.‚
965 1116 978 1159 3
990 1115 1051 1171 Maii,

180 1181 244 1223 1635.
772 1199 774 1202 ’

731 1255 814 1308 Dium,
826 1257 896 1313 Epus.
909 1257 1020 1300 Ossorien.

576 1585 650 1628 LXII.

177 1727 274 1768 Lnrrnn
282 1737 309 1767 or
317 1723 361 1766 Dr.
371 1724 385 1767 J
387 1737 431 1767 onir
441 1723 573 1774 O'Monorr,
581 1722 669 1765 Brsrror
678 1735 704 1764 or
713 1722 907 1775 Krnnrnon,20rrr
915 1726 974 1777 liar,
985 1727 1050 1777 1635.

111 1860 113 1864 '
179 1861 219 1901 [Dr.
229 1859 323 1900 O'Molony
330 1868 366 1893 was
375 1858 471 1901 appointed
478 1858 549 1899 Bishop
561 1858 581 1891 of
591 1857 667 1891 Killaioe
679 1867 702 1890 on
715 1856 747 1890 the
762 1858 793 1890 ath
806 1858 825 1890 of
835 1859 891 1901 April,
904 1859 954 1893 loeo.
979 1861 1009 1893 He
1017 1870 1052 1894 ivos

222 1913 332 1946 remarkable
340 1914 367 1946 for
375 1914 403 1946 his
411 1916 461 1956 great
469 1914 550 1946 holinoss
559 1914 578 1945 of
587 1913 623 1952 life,
633 1912 668 1945 and
677 1912 717 1945 died
724 1911 744 1944 in
753 1912 843 1946 Limerick
851 1925 862 1948 a
869 1915 902 1948 few
911 1915 953 1957 days
962 1916 1021 1949 before
1029 1916 1052 1948 its

223 1968 318 2001 surrender
325 1972 344 2001 to
353 1969 416 2002 Ireton
423 1969 443 2000 in
453 1968 511 2008 loci]

177 2091 265 2132 Ratun.
281 2089 399 2132 Annorum
414 2090 513 2131 Domita.

222 2166 287 2207 Pater
297 2164 323 2207 de
338 2165 412 2220 Burgo
428 2165 559 2207 Procurator
574 2168 650 2207 noster
666 2165 689 2206 in
706 2164 766 2207 Urbe
783 2155 834 2207 ante
849 2165 934 2221 aliquot
946 2166 993 2209 dies
1005 2166 1050 2209 aue

176 2235 279 2293 Epistold
298 2234 354 2277 mihi
375 2235 505 2291 significavit
523 2234 631 2290 quomodo
653 2235 720 2290 aliqui
739 2250 765 2277 ex
783 2235 819 2279 his
837 2236 938 2292 partibus
959 2237 1050 2279 Vestrae

177 2305 319 2349 Reverentiae
329 2304 414 2347 litteras
424 2305 448 2345 in
458 2318 494 2346 me
506 2304 561 2347 satis
572 2304 672 2347 dentatas
683 2305 772 2347 mittere
781 2306 830 2348 ausi
839 2307 884 2349 sint
894 2322 900 2358 3
912 2310 969 2349 certe
978 2308 1051 2349 nescio

176 2379 262 2431 praeter
272 2374 313 2417 tibi
324 2375 378 2417 satis
394 2378 457 2418 notos
473 2374 608 2418 adversarios
619 2376 730 2431 antiquos,
743 2389 799 2431 quos
812 2377 949 2433 suspicarer;
968 2379 1006 2433 qui
1016 2377 1051 2421 hio

177 2447 245 2489 etiam
256 2445 311 2487 elam
322 2447 344 2486 et
354 2444 426 2500 palam
436 2444 509 2499 elapso
522 2445 570 2499 J'am
584 2445 681 2487 triennio
691 2459 753 2488 meae
764 2446 895 2489 residentiae
903 2446 939 2490 his
949 2448 973 2489 in
984 2448 1050 2503 parti-

176 2516 218 2559 bus
230 2516 257 2558 ad
268 2514 397 2558 sumendam
413 2514 439 2558 de
453 2528 489 2557 me
502 2514 630 2565 vindictam,
642 2515 666 2556 in
677 2516 801 2558 seducendo
817 2517 924 2572 populum
935 2520 957 2558 et
967 2517 1050 2558 clerum

176 2599 265 2641 operam
275 2589 382 2627 narrarunt
392 2598 436 2627 non
447 2584 574 2640 vulgarem
592 2583 631 2626 sed
641 2598 692 2627 oum
703 2585 776 2628 oleum
788 2589 810 2628 et
820 2586 917 2629 laborem
927 2586 962 2627 hic
977 2585 1054 2640 perdi?

176 2655 249 2699 derint
264 2654 296 2699 ibi
310 2654 368 2709 apud
380 2653 458 2696 Sedem
469 2653 618 2709 Apostolicam
634 2657 657 2696 et
667 2654 742 2697 Vram.
756 2655 844 2697 lteram,
860 2655 886 2697 de
897 2669 932 2697 me
943 2668 1046 2709 conquer-

175 2729 245 2768 untur
262 2727 286 2770 in
302 2725 440 2769 attribuendo
461 2725 517 2768 mihi
537 2738 642 2780 magnam
660 2738 767 2781 equorum
785 2726 884 2782 equitum
906 2728 927 2767 et
946 2724 1047 2779 peditum

176 2794 307 2847 Catervam;
324 2810 375 2838 eum
390 2796 464 2852 plures
479 2795 566 2838 duobus
581 2809 696 2851 nunquam
706 2800 821 2852 tamquam
831 2795 948 2837 familiares
959 2794 982 2834 in
993 2795 1045 2839 visi-

149 2906 150 2909 ,
175 2863 258 2905 tatione
268 2864 359 2916 (aestivo
369 2870 458 2908 tantum
469 2870 567 2921 tempore
575 2862 659 2920 habire)
671 2865 762 2909 adhibui
770 2865 826 2908 mihi
832 2864 909 2913 socios,
920 2876 1013 2918 quorum
1024 2869 1046 2906 et

175 2933 232 2975 meis
242 2936 265 2976 et
275 2934 423 2979 aedicularum
433 2950 533 2979 mearum
544 2937 647 2992 expensis
657 2937 693 2980 rix
700 2949 791 2992 possum
802 2934 934 2985 satisfacere7
944 2947 984 2976 neo
996 2948 1046 2978 sum
