2416 3337
189 209 233 253 252
471 220 616 252 sprernremn
632 218 774 253 oseoamusr.

188 368 248 411 Nam
259 368 343 425 singuli
348 384 388 426 per
398 383 439 412 nos
448 371 547 414 conversi
553 375 592 415 aut
600 371 740 415 convertendi
748 370 777 414 ad
783 384 820 413 me
831 385 858 413 ex
868 369 1059 424 Scotiatamquam

189 452 243 495 apes
250 439 278 482 ad
289 439 387 482 alvearea
396 439 441 482 huc
450 441 572 493 confluunt,
580 445 646 499 prout
657 456 684 484 ex
691 442 796 485 relatione
807 441 860 484 anni
871 439 989 497 superioris
998 438 1060 481 vobis

189 510 261 553 missa
269 512 290 552 11
301 511 420 567 approbata
430 525 468 566 per
479 525 571 554 manum
585 511 772 556 Reverendissimi
783 511 812 553 D.
825 512 873 568 piae
884 511 1001 553 memoriae
1014 508 1061 551 iris.
1127 513 1132 518 '

189 578 361 623 Bonaventurae
370 580 480 636 Magarsa
488 581 556 637 hujus
563 581 677 624 Diaecesis
685 581 800 624 Antistitis
811 582 849 636 qui
856 581 895 622 240
900 580 984 636 Aprilis
994 579 1061 635 hujus

190 651 245 693 anni
259 650 391 694 obdormivit
406 651 430 692 in
441 651 498 694 Dno.
510 651 634 707 intelligere
644 653 678 694 111
689 656 740 696 est:
757 665 800 707 qua
813 652 837 693 in
851 651 957 693 relatione
973 651 1062 693 intima-

189 721 272 765 bantur
278 722 338 764 mille
345 735 451 778 personae
458 722 569 764 continuis
576 725 670 777 quatuor
676 723 790 765 mensibus
797 735 836 777 per
842 726 904 763 meet
913 735 975 764 meos
984 723 1061 763 fratres

190 793 213 835 in
224 793 265 835 hac
276 792 351 835 eadem
368 792 433 834 domo
444 792 470 834 ad
485 792 596 848 gremium
612 792 634 834 S.
644 792 724 835 Matris
740 792 852 835 Ecclesiae
868 794 974 848 receptae,
991 795 1012 833 et
1022 805 1061 846 per

190 876 270 906 manus
289 862 388 918 ejusdcm
404 862 462 905 Rmi.
482 863 548 906 Sacro
564 863 744 907 Confirmationis
762 863 903 906 Sacramenta
921 863 1062 905 confirmatae

189 947 215 975 ex
226 933 308 990 quibus
319 937 365 977 erat
381 933 509 977 nobillimus
520 938 543 977 11
557 935 691 990 perillustris
707 935 779 978 Dnus.
791 933 916 978 Alexander
931 931 1063 976 M‘Donnell

188 1003 299 1047 Dominus
311 1004 337 1047 dc
353 1004 428 1060 Largy
438 1004 475 1061 qui
487 1019 533 1048 uno
543 1009 595 1060 post
610 1019 687 1048 mense
702 1006 726 1048 in
742 1018 830 1049 summa
842 1003 931 1061 speciali
947 1003 1062 1047 dulcedine

189 1074 297 1130 requievit
311 1074 336 1117 in
346 1089 407 1130 pace,
419 1074 448 1117 ad
462 1076 526 1131 cujus
538 1075 664 1132 exemplum
675 1076 741 1118 multi
756 1075 794 1118 alii
805 1078 920 1131 magnates
930 1077 952 1117 et
963 1087 1061 1130 proceres

190 1143 217 1186 ad
228 1144 295 1186 fidem
303 1144 448 1187 orthodoxam
459 1145 622 1201 suscipiendam
630 1145 722 1188 animati
731 1149 790 1188 sunt.
815 1145 848 1188 Ut
855 1144 919 1187 verbo
930 1143 1001 1186 dicam
1007 1157 1059 1194 uno,

190 1214 285 1270 singulis
300 1212 362 1257 hisce
373 1219 420 1257 octo
437 1215 501 1258 annis
517 1215 649 1271 quingentos
664 1214 691 1256 ad
706 1215 772 1257 fidem
788 1214 876 1269 recipio,
892 1217 913 1255 et
928 1212 1060 1255 tantumden

189 1288 211 1326 ct
222 1284 281 1326 ultra
291 1284 315 1325 in
326 1284 370 1326 fide
380 1284 492 1335 confirmo,
504 1284 549 1327 nisi
564 1288 653 1327 tantum
664 1283 706 1327 hoc
716 1297 774 1327 anno
784 1284 870 1326 ratione
884 1282 995 1325 tumultus
1005 1283 1062 1324 moti

188 1353 246 1396 111111
258 1353 334 1397 Scotos
346 1358 368 1396 et
378 1368 459 1409 regem,
469 1355 492 1396 in
503 1368 546 1410 quc
558 1355 629 1397 edicto
640 1355 700 1411 regio
710 1354 765 1397 liber
775 1355 884 1397 transitus
895 1352 1023 1409 prohibetur
1034 1353 1060 1395 ab

187 1423 301 1478 Hybernia
316 1424 340 1466 in
359 1424 455 1468 Soctiarn
467 1429 490 1467 et
508 1440 521 1467 a
538 1425 611 1468 Scotia
628 1426 652 1468 in
669 1425 807 1482 Hyberniam
819 1429 840 1468 et
862 1425 902 1467 hoc
920 1424 968 1479 ipso
985 1428 1059 1467 tamen

187 1492 293 1537 ducentos
303 1496 375 1551 recepi
377 1524 535 1538 .....

581 1585 622 1627 Fa.
638 1585 761 1627 Prrmrms
777 1583 900 1633 Hromrrr,
913 1581 998 1633 O‚S.F.,

641 1654 705 1697 Miss.
718 1654 816 1697 Scoticae
826 1653 961 1696 Praefectus.

611 2002 634 2044 O,

185 2124 280 2169 Larrna
291 2137 319 2168 or
329 2138 375 2169 rnr
387 2125 506 2170 Parumne
518 2139 546 2170 or
562 2139 608 2169 1111
624 2127 738 2171 Pacvmcn
750 2139 778 2169 or
795 2126 941 2178 Oorrrrveur,
954 2125 1055 2170 1111640.

185 2251 248 2299 Eua.
259 2265 288 2295 nr
299 2253 359 2296 Ram.
371 2252 400 2296 D.
411 2254 546 2297 Pacrncrorr
560 2267 653 2306 acerna,
666 2254 705 2296 &a

232 2334 315 2376 Doctor
325 2336 357 2378 Ιο,
370 2336 396 2378 de
407 2336 482 2392 Burgc
493 2337 517 2378 in
528 2336 623 2388 civitate,
634 2350 658 2379 ac
672 2336 764 2380 dioecesi
776 2335 923 2379 Olonlertensi
934 2336 1060 2379 Provinciae

187 2403 329 2446 Γ[1111111111
345 2405 454 2448 Hibernia
469 2421 480 2448 a
498 2406 613 2450 duodecim
629 2407 693 2449 annis
710 2411 731 2450 11
749 2406 844 2463 amplius
854 2407 915 2449 Viam·
932 2406 995 2457 (ilis,
1008 2405 1059 2447 cffi-

186 2472 249 2515 cialis
268 2476 290 2514 et
309 2474 474 2517 commissarius
490 2475 560 2531 Apus.
578 2477 686 2533 sanguine
702 2477 780 2529 clarus,
798 2476 904 2525 electrina,
922 2478 945 2516 et
962 2474 1060 2530 exemplo

186 2543 264 2586 clarior
280 2547 332 2586 ante
349 2544 432 2587 multos
449 2559 518 2589 annos
537 2546 617 2589 abhinc
628 2551 662 2589 est
678 2562 717 2602 per
737 2561 814 2590 ornnes
830 2546 942 2588 Praelatos
954 2545 991 2587 dat
1007 2546 1060 2588 Pro-

185 2615 270 2657 vinciae
284 2614 352 2670 juxta
370 2615 481 2658 decretum
499 2616 522 2658 S.
534 2617 559 2659 G.
571 2618 597 2660 de
608 2619 672 2673 Prcp.
684 2618 739 2660 Fide
754 2618 781 2660 de
798 2616 915 2660 evehendis
925 2615 953 2658 acl
968 2616 1060 2659 Praesu-

185 2685 256 2728 latum
265 2685 293 2728 ad
302 2700 344 2729 nos
352 2686 518 2738 transmissum,
526 2687 570 2730 imo
577 2702 616 2744 per
624 2688 720 2743 reliques
728 2688 796 2744 hujus
802 2688 866 2743 regni
875 2686 995 2730 Antistites
1002 2701 1059 2730 com-

186 2756 285 2798 muniter
300 2759 348 2799 tam
355 2757 451 2813 propriis
467 2757 602 2809 nominibus,
615 2772 680 2813 quam
691 2757 769 2813 reliqui
779 2756 838 2799 Cleri
849 2759 871 2799 ct
886 2756 962 2812 populi
972 2758 1060 2800 nornine

187 2825 264 2868 SSmo.
273 2826 300 2867 D.
312 2826 341 2870 N.
353 2831 376 2869 ct
386 2827 531 2870 Eminentiae
542 2826 604 2869 Vrae.
616 2827 788 2878 commendatus,
802 2829 824 2869 11
834 2827 862 2870 ad
872 2826 952 2869 dictam
962 2827 1058 2870 (11011111-

185 2900 273 2939 tensem
293 2896 373 2941 Sedem
391 2913 404 2941 a
422 2899 500 2942 multis
523 2897 588 2941 annis
604 2901 717 2941 vacantem
734 2898 833 2941 omniurn
851 2899 907 2942 votis
924 2898 1056 2954 postulatus.

186 2966 271 3010 Verum
281 2973 332 3023 post
341 2970 435 3026 gratiam
446 2971 490 3027 ipsi
500 2970 543 3013 aS.
552 2969 672 3012 Sanctitate
679 2969 764 3022 factam,
772 2970 842 3014 eamd.
851 2971 878 3014 ad
888 2970 948 3014 hunc
956 2971 1058 3014 effectum

186 3036 271 3081 Emtia.
291 3038 342 3083 Vra.
352 3040 516 3098 interpellante,
536 3041 625 3084 nemine
640 3040 711 3097 ipsius
732 3054 844 3097 personae,
862 3041 896 3085 vel
915 3040 1058 3098 qualitatibus
