2416 3337
452 219 597 250 srrornnorou
613 218 757 249 ossonrnusu.
1001 209 1045 253 227

171 366 240 408 missa
255 368 296 414 est,
309 367 334 405 ut
345 362 538 418 extrajudicialiter
548 375 588 417 per
598 375 639 405 nos
651 362 820 406 informationes
832 363 947 418 capiantur
958 363 996 405 illa
1006 378 1045 407 nec

171 439 236 493 plena
253 435 382 492 probatione
398 436 503 479 convulsa
516 435 609 487 uidetur,
622 450 662 479 nec
680 436 801 492 semiplena
812 437 901 488 corruit,
914 450 939 478 ac
955 437 1046 492 proinde

171 521 211 549 nec
225 508 359 550 accusatoris
375 507 469 550 intentio
484 506 570 550 videtur
585 506 719 550 sufficienter
730 507 830 559 fundata,
843 521 868 550 ac
884 507 979 563 juridice
989 521 1047 550 corn·

170 577 267 634 probata.
302 579 325 622 si
343 579 414 622 Emis.
431 578 473 621 PP.
489 592 534 621 non
549 577 672 635 displiceat,
689 578 789 622 retinebo
805 579 917 636 paulisper
933 593 1002 635 penes
1012 593 1048 621 me

169 649 255 706 integra
266 653 321 703 acta,
333 664 424 707 quousq⁴
436 651 574 706 experiamur
590 664 718 694 successum
734 651 834 694 intentae
845 651 1012 707 pacificationis,
1025 655 1047 693 et

169 719 259 763 interim
269 721 445 776 pertentabimus
455 720 510 764 duos
520 720 578 771 illos,
592 721 630 777 qui
639 720 720 764 desunt
729 720 756 763 ad
767 721 876 764 examinis
887 721 1046 778 integritatem.

169 791 218 834 Hoc
230 792 308 835 saltem
325 806 486 849 consequemur
498 792 600 835 eristius
617 792 751 848 cognitionis
762 792 878 836 molimine
890 796 935 835 tam
947 805 1044 849 operoso,

170 862 227 917 quod
242 863 266 904 in
282 866 397 918 posterum
417 876 496 905 ornnes
511 862 631 905 reddentur
642 864 758 916 cautiores,
775 878 804 906 ne
815 877 894 906 causas
906 862 1046 920 querelarum

168 943 230 973 veras
246 931 307 980 dent,
319 936 341 973 et
355 945 383 974 ne
400 931 449 974 sine
465 944 530 973 causa
546 932 685 986 querelantes
703 947 734 984 se,
747 933 828 976 aliosve
845 932 936 976 turbent
953 932 1045 988 posthac

169 999 245 1041 inutili
256 1000 418 1043 criminatione.
439 999 501 1042 Haec
512 1014 524 1042 a
534 1014 570 1042 me
580 1000 649 1044 latius
656 1001 758 1053 deducta,
768 1005 794 1045 ut
803 1002 907 1057 dignetur
915 1001 979 1044 Rma.
989 1001 1045 1044 V.D.

169 1070 223 1122 1000,
237 1075 258 1113 et
269 1074 368 1127 tempore
380 1071 521 1113 manifestare
537 1071 609 1113 Emis.
627 1071 670 1113 ΡΡ.
682 1086 718 1115 010
730 1076 752 1114 01
763 1072 869 1115 obtestor.
901 1072 1046 1115 Conditiones

168 1140 232 1183 locor.
249 1144 272 1183 et
286 1143 420 1196 temporum,
438 1154 494 1197 quae
510 1140 568 1196 apud
583 1154 625 1184 nos
644 1141 786 1184 crebrerrime
803 1144 919 1184 mutantur
938 1145 1045 1197 generant

169 1211 322 1255 audacioribus
341 1211 474 1263 libertatem,
494 1212 653 1255 maturioribus
668 1216 761 1265 metum,
782 1212 978 1268 perspicacioribus
997 1226 1046 1255 eau-

168 1283 242 1335 telam,
255 1283 359 1327 omnibus
371 1285 459 1327 utinam
470 1284 494 1325 in
505 1284 587 1339 pietate
599 1284 743 1336 soliditatem,
756 1284 780 1326 in
792 1283 913 1327 sedulitate
923 1287 947 1327 et
958 1283 1047 1327 solertia

169 1356 323 1408 constantiam,
336 1359 358 1399 et
369 1359 568 1411 temperamentum
584 1356 723 1412 progignant
756 1355 836 1398 Paleae
848 1355 1008 1411 disperguntur
1023 1356 1046 1398 in

168 1429 265 1477 rentum,
277 1426 378 1469 triticum
389 1430 463 1469 autem
474 1430 619 1482 congregatur
630 1426 653 1468 in
665 1425 769 1468 horreum
778 1425 831 1468 Dni.
844 1425 901 1468 Cum
912 1425 949 1468 liis
959 1424 1045 1481 Ampli-

168 1497 252 1539 tudinis
263 1497 328 1539 Vrae.
340 1502 485 1553 augmentum
497 1498 578 1554 gratiae
589 1512 602 1539 a
613 1497 688 1539 divina
699 1496 796 1540 bonitate
807 1497 903 1553 postulo.

214 1576 299 1621 Datum
310 1578 351 1621 hae
362 1579 397 1622 die
409 1580 438 1622 28
450 1579 511 1636 Sept.
523 1594 540 1622 a.
552 1579 619 1631 1637,
631 1578 699 1622 eloco
710 1579 834 1621 mansionis
842 1580 866 1620 in
875 1577 970 1622 dioecesi
979 1580 1044 1622 Osso-

169 1652 222 1693 rien
233 1651 257 1693 in
268 1650 385 1694 Hibernia.

618 1711 698 1753 Servus
707 1709 803 1761 inutilis,

700 1793 781 1844 Dauo,
799 1792 854 1847 Eps.
867 1793 1014 1835 Ossoriensis.

559 2138 649 2180 LXXX.

168 2267 263 2309 Lnrrnn
279 2277 306 2307 or
322 2277 368 2306 run
384 2263 497 2306 Enrnuou
513 2263 648 2305 Fannium
664 2272 694 2303 10
710 2274 755 2303 run
775 2262 843 2313 Fors,
861 2275 1043 2307 summissurus

208 2337 249 2379 Fa.
261 2337 359 2378 11111010
370 2334 462 2377 Furiam
473 2346 516 2377 soa
527 2347 571 2376 rna
584 2333 631 2375 Suu
643 2345 669 2375 or
681 2333 786 2385 Annaem
800 2335 845 2375 5111
858 2334 920 2385 001,
933 2336 1001 2380 itai.

167 2462 228 2504 Bam.
241 2474 264 2504 ru
280 2461 330 2503 Xro
348 2460 431 2511 Parus,
445 2460 484 2502 110.

212 2543 266 2584 Ρο01
276 2541 468 2593 officiosissimam,
481 2540 518 2582 110.

212 2612 320 2655 Hibernia
334 2612 420 2663 insula,
436 2611 529 2668 quaein
544 2610 629 2653 Oceano
650 2610 681 2652 sic
700 2610 916 2653 circumlatrantibus
933 2611 1040 2653 falsorum

167 2684 297 2739 dogmatum
318 2683 425 2726 monstris
446 2682 498 2725 111110
522 2681 572 2725 inde
597 2682 687 2733 cincta,v
701 2682 769 2724 11111111
793 2686 867 2725 tamen
889 2682 979 2723 luminis
1004 2682 1040 2724 ad·

167 2755 264 2810 spirante
291 2768 351 2805 aura,
374 2767 438 2796 verae
461 2757 503 2810 atq.
527 2752 660 2796 orthodoxae
685 2752 809 2808 Religionis
833 2753 917 2795 cultum
938 2757 1039 2809 utrumq.

166 2828 287 2875 conservat,
305 2838 329 2866 eo
346 2824 461 2880 peritiores
477 2823 647 2879 mgilantioresq.
666 2823 782 2866 Sacrorum
798 2823 917 2865 Antisiites
932 2823 1040 2877 postulat,

166 2907 209 2948 quo
230 2896 373 2951 propinquior
393 2895 457 2938 tabes
477 2896 617 2951 praesentius
639 2896 743 2945 minatur,
768 2895 886 2948 intentatq.
910 2893 1040 2947 periculum.

166 2963 224 3005 <lum
241 2964 293 3018 itaq.
312 2965 377 3007 nobis
394 2966 549 3021 complurium,
570 2981 626 3022 quos
642 2967 670 3009 ob
687 2964 820 3020 singularem
841 2962 915 3014 fidem,
935 2967 981 3021 atq.
1001 2965 1040 3008 ob·

167 3033 299 3076 servantiam
320 3033 343 3074 in
364 3033 411 3077 Nos
434 3049 505 3086 suam,
531 3037 636 3090 peculiari
660 3036 749 3090 gratiae,
773 3047 797 3075 ac
819 3032 956 3088 dignationis
978 3049 1039 3080 niae.
