2416 3337
454 149 598 181 srrcrnrerru
614 150 757 182 ossonrunsn.
998 139 1042 182 253

174 293 315 346 obtrectante,
323 297 361 336 aut
371 295 502 349 opponente,
513 292 552 335 sed
562 292 671 335 universis
682 292 753 347 ipsius
764 291 900 347 promotioni
910 291 1043 347 applauden-

173 365 240 417 tibus,
251 364 323 419 litigio
330 363 445 420 quorumd.
458 363 626 419 disputantium,
638 363 689 419 quis
706 362 773 406 simul
786 376 837 405 cunr
847 362 885 404 illo
896 361 923 404 ad
941 362 1007 405 aliam
1017 377 1044 405 ex

172 435 195 476 in
205 434 248 476 boc
256 434 333 490 Regno
344 432 472 476 vacantibus
483 433 567 476 assumi
578 433 672 485 deberet,
685 433 756 489 ipsius
772 435 847 489 optata
857 432 965 489 promotio
976 435 1044 475 retar-

173 503 223 546 data
234 506 274 546 est.
305 503 380 559 Hujus
392 504 451 547 enim
461 504 622 560 promotionem
635 504 669 556 (nt
679 504 754 560 sepius
765 503 862 546 Emtiae.
872 503 935 546 Vrae.
942 503 1044 559 exposui·

172 572 233 631 mus)
244 575 386 618 necessitates
401 575 464 631 Reip.
486 590 546 618 nrae.
561 574 669 618 Ecolicae.
686 574 769 619 mirum
786 575 809 618 in
825 573 916 617 modum
933 574 1042 626 ambiunt,

171 648 197 688 ut
207 659 263 702 qnae
278 646 337 689 buno
347 647 370 689 in
382 646 551 690 adversitatibus
561 660 658 698 murum,
676 645 700 688 in
716 645 791 701 quieto
806 648 925 701 pastorem,
940 645 1042 696 fotorem,

171 719 192 759 et
202 717 361 761 consolatorem
371 718 476 774 reperite
492 717 607 760 duodecim
618 716 682 759 11111
694 719 717 758 et
728 715 831 772 amplius,
844 714 886 758 sub
898 715 953 771 jugo
964 715 1042 770 gemit,

169 789 193 831 in
210 789 275 832 vinea
292 789 345 831 Dni.
361 789 478 831 excolenda
495 790 581 831 fortiter
601 787 716 840 insudans,
734 801 794 830 nunc
811 786 965 843 praedicando,
982 800 1043 829 nune

169 859 290 901 haereticos
301 859 455 914 oppugnando,
468 862 489 901 et
500 860 527 901 ad
542 859 655 902 meliorem
666 860 753 915 frugem
766 859 919 911 convertendo,
932 861 1040 914 111011111-

170 929 232 971 Rom¹
244 924 338 971 Eecliae,
353 928 512 971 reconciliando
528 943 579 971 eum
596 930 683 985 ingenti
701 930 797 985 periculo
815 944 868 973 suae
886 930 994 972 libertatis
1012 930 1041 973 ob

169 998 294 1054 poenalium
305 998 378 1053 legum
387 997 461 1054 Regni
468 998 571 1053 rigorem.
608 999 692 1040 Tamen
702 995 750 1054 bujss
757 999 895 1041 meritissimi
902 1000 943 1042 1111
953 1000 1042 1054 pondus

170 1069 212 1111 diei
229 1072 252 1112 et
271 1073 345 1112 aestus
356 1084 368 1111 a
378 1072 440 1112 tanto
451 1072 550 1125 tempore
567 1069 676 1125 portantis
693 1070 831 1125 promotione
842 1070 951 1112 retardata
965 1084 1042 1112 ansam

169 1142 262 1197 arripuit
273 1141 361 1198 quidam
377 1140 473 1197 Reginis.
485 1140 600 1197 Hibernus
611 1140 634 1182 in
646 1139 706 1183 Urbe
722 1140 805 1197 degens
816 1140 881 1183 nobis
891 1140 934 1183 nisi
950 1155 977 1182 ex
986 1140 1042 1182 rela-

168 1212 228 1254 tione
239 1212 336 1268 ignotus,
345 1215 366 1253 et
376 1215 460 1254 statum
466 1225 540 1253 rerum
549 1225 608 1253 nrar.
617 1212 708 1254 omnino
716 1212 829 1267 ignorans,
839 1211 927 1254 libidini
934 1225 987 1254 suae
996 1226 1043 1254 am-

168 1283 258 1326 bitionis
275 1283 398 1325 satisfacere
410 1282 536 1325 desiderans
550 1282 594 1325 huc
610 1282 776 1325 transmittendi
792 1282 870 1339 quasd·
880 1282 1042 1338 postulationes

168 1354 194 1396 ab
204 1355 253 1410 ipso
262 1354 286 1395 in
297 1353 356 1396 Urbe
366 1354 472 1396 formatas
482 1368 494 1396 a
505 1353 639 1396 dioecesanis
656 1352 848 1396 Olonfertensibus
861 1352 1038 1404 subscribendas,

168 1425 220 1467 bine
238 1438 304 1475 unus,
317 1425 355 1480 qui
365 1425 424 1467 easd.
436 1425 559 1467 transmitti
572 1424 654 1467 curavit
665 1425 729 1480 quasi
747 1424 803 1466 olam
814 1424 942 1467 circumibat
957 1427 1040 1466 terrain

168 1495 312 1538 mendicando
324 1494 467 1550 chirographa
478 1495 569 1551 aliquor.
581 1495 724 1538 dioecesanor.
736 1495 860 1537 intimando
874 1495 905 1537 111
916 1494 957 1537 sub
969 1509 1039 1538 sacra-

168 1571 242 1610 mento
260 1566 286 1608 de
304 1569 385 1609 secreto
405 1566 517 1617 servando,
539 1580 567 1607 ne
584 1566 656 1621 praxis
676 1566 720 1608 ista
738 1564 802 1608 nobis
822 1566 976 1617 innotesceret,
999 1566 1039 1622 qui

167 1638 264 1681 Emtiae.
276 1637 340 1680 Vrae.
352 1640 373 1679 et
383 1635 405 1678 S.
414 1636 493 1693 Ongni.
506 1636 665 1679 detrimentum
684 1636 736 1680 inde
747 1640 878 1679 eventurum
889 1637 972 1693 aperire
982 1637 1039 1679 vale-

168 1722 250 1751 remus.

213 1777 333 1821 Terrebant
344 1792 383 1821 nos
394 1778 508 1831 hactenus,
520 1779 585 1822 Eme.
597 1779 662 1830 Dae,
675 1778 736 1834 leges
747 1777 820 1834 Regni
830 1777 933 1833 poenales
943 1776 1041 1833 plecten-

167 1853 199 1891 tes
216 1848 354 1904 postulantes
372 1863 384 1890 a
401 1848 457 1891 Sede
473 1848 557 1904 Aplica.
569 1852 616 1891 tarn
634 1849 713 1904 capite,
731 1862 797 1904 quam
815 1851 892 1890 terrar.
909 1847 1039 1904 bonorumq.

167 1922 270 1961 11111101.-
287 1918 448 1970 confiscatione,
466 1918 530 1961 aliter
540 1919 633 1974 propriis
650 1918 779 1962 nominibus
791 1918 939 1974 supplicarent
958 1918 1037 1960 Clarus

167 1994 188 2032 et
204 1988 299 2045 populus
311 1988 471 2031 Olcnfertensis
480 2003 520 2044 pro
536 1989 675 2044 promotione
690 1989 782 2044 praefati
799 1989 902 2031 Doctoris
915 1988 942 2030 de
952 1989 1037 2043 Burgo,

166 2064 191 2102 ut
201 2074 239 2115 per
247 2073 289 2102 101
300 2063 363 2102 antea
373 2059 521 2114 postularunt,
532 2062 554 2101 et
565 2059 629 2101 modo
639 2058 762 2114 postulant.

211 2130 282 2181 Quare
294 2129 401 2185 supplices
413 2142 516 2185 rogamus
527 2129 579 2171 Em.
591 2129 675 2180 Vram,
688 2128 744 2171 etin
755 2128 801 2171 Xti.
811 2128 931 2171 visceribus
939 2128 1036 2171 obtesta-

165 2215 221 2252 mur,
233 2203 259 2242 ut
275 2213 319 2242 non
334 2199 430 2255 patiatur
441 2188 525 2240 diutius
543 2197 622 2240 Sedem
633 2197 729 2240 antedffi'
741 2198 917 2241 Olonfertensem
933 2198 1032 2250 viduare,

167 2271 204 2314 sed
216 2270 318 2327 dignetur
329 2269 412 2313 dictum
428 2269 456 2311 D.
467 2269 500 2311 Io.
513 2269 539 2311 de
550 2268 624 2324 Burgo
640 2283 680 2324 pro
692 2268 769 2311 eadem
787 2269 895 2321 obtinere,
908 2272 930 2311 et
941 2269 1037 2312 orabunt

167 2355 252 2397 semper
263 2354 300 2398 pro
311 2339 468 2390 incolumitate,
481 2343 502 2381 et
513 2338 571 2381 felici
581 2342 639 2381 statu
650 2338 703 2380 Em.
715 2338 780 2381 Vrae.

376 2444 437 2487 Serri
449 2444 655 2500 Obsequentissimi‚

511 2552 642 2595 Marianus
656 2552 773 2608 Archieps,
787 2553 893 2596 Tuamen.

512 2622 552 2665 Fa.
564 2622 674 2675 Bonrrus,
682 2622 808 2690 ’Elphinen
820 2623 892 2680 Epns.

512 2698 610 2742 Jroonus
625 2700 752 2751 1111011111,
764 2699 812 2743 Via.
824 2700 878 2756 Aps.
890 2696 1002 2741 Achaden.

512 2768 620 2813 Aroania
635 2771 740 2822 ercnn,
752 2770 799 2813 Vie.
812 2770 865 2826 Aps.
881 2768 1015 2811 Alladensis.
