2416 3337
123 219 124 222 Ἰ
165 168 209 210 134
447 179 592 212 srrornrerun
608 181 750 213 ossonrnrsr.

165 326 269 371 derantes
279 328 397 372 innumera
407 329 505 386 pericula
515 344 572 386 quae
582 345 622 375 nos
634 330 777 373 circumstant
787 330 810 371 in
821 328 860 370 illa
869 332 944 372 nostra
956 326 1035 368 sollici-

164 397 244 440 tudine
255 414 305 441 cum
317 400 389 442 fructu
400 400 558 443 aedificationis
569 401 718 457 proximorum
730 400 917 453 administranda3
935 401 956 440 et
967 397 1035 439 simul

165 469 306 512 attendentes
318 485 384 526 quam
390 469 461 513 multa
469 471 552 513 nostris
561 471 638 513 oribus
644 471 758 527 naufragia
768 471 901 525 immineant
909 483 953 511 non
963 467 1035 511 solum

166 552 179 579 a
193 540 307 581 communi
321 540 442 583 adversario
458 540 601 595 professionis
616 541 755 592 orthodoxae,
767 554 842 582 rerum
859 541 925 582 etiam
939 539 965 580 ab
979 538 1035 593 ipsis

166 608 363 661 fidei'domesticis,
376 610 420 652 sive
430 610 514 665 ignaris
532 614 659 652 nostrarum
674 624 755 662 rerum,
776 611 820 652 sive
836 609 977 659 turbulentis,
990 608 1035 650 sire

166 679 234 721 etiam
246 680 343 722 subdolis
354 680 472 734 operariis5
488 684 510 721 et
520 680 544 720 in
555 680 596 722 hac
607 680 664 721 mole
675 680 829 722 difficultatum
840 679 881 720 sub
892 692 934 733 qua
945 692 1034 732 gemen-

165 753 201 791 tes
212 750 359 800 incurvamur,
371 749 440 791 veluti
455 749 547 791 fulchris
558 749 691 804 quibusdam
707 753 729 791 et
745 748 917 791 substentaculis
928 748 1035 802 erigimur

164 833 206 873 ope
217 822 239 860 et
249 818 357 873 praesidio
369 817 517 873 Collegiorum
528 823 655 861 nostrorum
666 832 721 874 quae
732 820 756 860 in
768 818 888 861 Catholicis
903 817 1034 873 regionibus

163 889 319 930 transmarinis
330 888 430 930 foventur
441 888 595 930 munificentia
606 893 627 931 et
643 888 749 931 charitate
764 889 851 944 piorum
861 888 1033 931 benefactorum.

163 957 226 999 Inter
237 958 279 1000 alia
290 972 340 1000 vero
357 972 413 1013 quae
428 958 555 1001 obtinemus
573 960 678 1015 profugae
694 964 783 1003 nostrae
794 959 867 1014 gentis
878 959 963 1014 refugia
982 959 1035 1013 quia

165 1027 316 1071 Seminarium
326 1033 428 1071 nostrum
439 1029 565 1072 Parisiense
577 1030 660 1072 multos
678 1030 742 1072 nobis
761 1030 868 1072 hactenus
887 1028 1034 1084 suppeditavit

164 1100 266 1154 insignes
280 1099 397 1155 operarios,
414 1100 503 1151 virtute,
521 1100 627 1152 doctrina,
644 1100 691 1142 zelo
707 1102 832 1142 animarum
847 1100 922 1141 salutis
936 1099 1033 1154 praepol-

164 1170 245 1221 lentes,
257 1169 384 1212 incredibile
396 1174 429 1212 est
440 1174 522 1226 quanto
533 1172 599 1214 nobis
610 1171 679 1213 dolori
690 1174 712 1213 et
723 1171 803 1212 damno
815 1169 910 1224 adeoque
921 1168 1034 1209 Ecclesiae

164 1243 187 1281 et
198 1240 338 1294 Reipublicae
349 1242 436 1282 nostrae
447 1240 580 1283 detrimento
587 1242 642 1282 foret
655 1240 673 1282 si
682 1240 708 1281 de
717 1244 777 1282 statu
785 1243 807 1280 et
813 1238 964 1280 incolumitate
970 1237 1033 1279 iliius

163 1309 338 1364 periclitaretur;
363 1310 407 1352 sive
425 1310 448 1351 id
466 1323 492 1351 ex
509 1310 653 1352 insectatione
670 1310 828 1365 cujuscumque
847 1322 859 1349 e
877 1312 941 1363 gente
958 1312 1034 1350 nostra

163 1380 315 1423 obtrectatoris
328 1380 394 1435 (quod
405 1380 521 1436 aliquando
536 1380 618 1422 factum
637 1383 675 1422 aut
691 1384 826 1422 attentatum
842 1378 975 1430 audirimus)
988 1378 1034 1421 sire

163 1466 190 1494 ex
201 1451 302 1506 neglectu
314 1454 352 1492 aut
363 1450 510 1493 subtractione
518 1451 669 1495 subventionis
677 1465 689 1492 a
697 1450 840 1494 Xtifidelibus
852 1450 949 1492 exhiberi
957 1449 1034 1492 solitae

161 1522 185 1563 in
196 1524 244 1562 tam
254 1521 286 1577 pii
297 1524 319 1562 et
329 1521 436 1563 fructuosi
446 1522 518 1576 operis
529 1521 750 1572 consummationem,
759 1521 804 1563 sire
814 1519 960 1574 undecunque
971 1519 1033 1560 refri-

162 1595 265 1646 gescente
285 1591 391 1633 charitate
412 1592 543 1647 provenerit.
593 1592 677 1634 Idcirco
698 1605 739 1634 nos
760 1590 894 1646 infrascripti
913 1590 1033 1632 Antistites

163 1662 273 1705 Catholici
282 1663 306 1703 in
316 1661 359 1703 hoc
369 1661 446 1717 Regno
456 1662 514 1704 uniti
520 1677 528 1712 3
547 1663 602 1705 satis
613 1676 721 1717 superque
737 1661 819 1703 conscii
829 1661 938 1702 maximae
949 1658 1033 1701 utilita-

163 1734 194 1776 tis
215 1733 331 1788 hucusque
346 1737 460 1789 perceptae
481 1747 508 1775 ex
528 1733 567 1776 1110
590 1732 711 1776 seminario
734 1736 756 1774 et
775 1731 868 1787 praescii
888 1731 1033 1786 plurimorum

163 1804 356 1847 incommodorum
372 1817 427 1859 quae
438 1803 502 1846 nobis
513 1804 568 1859 ipsis
585 1804 626 1846 sub
639 1805 692 1859 Jugo
704 1803 777 1845 oneris
788 1801 859 1845 nostri
870 1800 1001 1844 sudantibus
1012 1805 1034 1842 et
1087 1800 1089 1803 ’

163 1876 207 1918 toti
226 1875 352 1917 Catholicae
371 1875 428 1929 apud
446 1888 487 1917 nos
506 1874 661 1917 communitati
679 1887 706 1916 ex
721 1874 781 1916 illius
792 1874 857 1915 ruina
868 1876 905 1914 aut
924 1872 1033 1914 desitione

165 1946 313 2000 obtingerent,
332 1948 413 2000 quanta
429 1958 548 2001 possumus
568 1945 673 1988 instantia
690 1944 870 1987 commendamus
889 1942 992 1986 omnibus
1003 1946 1033 1993 et

164 2015 259 2070 singulis
269 2014 395 2070 proceribus
412 2018 457 2057 tam
474 2014 638 2057 Ecclesiasticis
656 2029 729 2070 quam*
740 2013 887 2057 saecularibus
898 2014 1033 2068 caeterisque

161 2086 251 2142 populis
263 2085 383 2128 Catholicis
394 2099 418 2128 ac
427 2086 557 2141 praesertim
576 2086 729 2128 inclitissimae
748 2086 831 2128 civitati
841 2085 969 2134 Parisiensi,
982 2098 1032 2126 nec·

161 2159 206 2199 non
226 2157 370 2199 Universitati
386 2156 467 2199 ibidem
483 2157 714 2212 praecellentissimae,
727 2157 824 2213 adeoque
835 2157 918 2200 illustri
934 2155 1032 2210 Collegio

161 2228 280 2271 Serbonico
289 2232 311 2269 et
319 2227 419 2270 facultati
426 2228 572 2284 Theologicae
581 2233 603 2271 et
610 2228 691 2270 artium
698 2228 798 2270 facultati
805 2228 898 2284 aliisque
907 2227 951 2282 piis
960 2226 1032 2268 homi-

161 2298 229 2340 nibus
240 2310 295 2351 quos
304 2297 376 2352 tangit
386 2296 480 2340 Xtianae
488 2298 577 2353 pietatis
587 2298 654 2350 relus,
662 2301 688 2339 ut
696 2297 844 2340 Seminarium
852 2298 926 2353 ipsum
935 2297 1033 2338 nationis

163 2367 316 2409 Hibernorum
328 2366 386 2421 quod
396 2370 428 2408 tot
439 2368 504 2409 annis
514 2368 538 2408 in
549 2368 588 2409 illa
598 2367 651 2409 urbe
668 2381 719 2408 cum
730 2370 804 2408 tantae
815 2367 885 2421 frugis
896 2366 1033 2407 incremento

164 2451 189 2479 ac
200 2436 352 2477 munificentia
362 2436 441 2487 fovere,
453 2437 517 2488 tueri,
530 2451 663 2488 conservare,
677 2450 769 2496 augere;
787 2440 809 2478 et
815 2436 886 2490 ipsius
897 2435 1033 2490 superiorem

165 2521 205 2550 seu
216 2505 343 2549 Praesidem
353 2504 380 2546 R.
392 2505 419 2547 D.
432 2506 538 2548 rhomam
547 2507 689 2561 hlesingham
697 2509 770 2549 virum
781 2509 889 2562 spectatae
897 2506 1032 2560 integritatis

163 2580 185 2619 et
197 2575 256 2627 fidei,
269 2576 333 2631 cujus
352 2588 438 2617 summo
454 2575 534 2626 labore,
553 2577 676 2626 sedulitate,
693 2576 803 2618 industria
814 2579 836 2617 et
845 2576 961 2630 prudentia
972 2590 1032 2631 rege-

162 2647 227 2690 batur
243 2645 352 2687 hactenus
371 2647 393 2685 et
409 2658 467 2686 nunc
485 2646 568 2699 regitur
587 2660 637 2688 cum
654 2659 735 2700 magna
751 2645 816 2687 laude
832 2645 902 2700 ipsius
926 2649 948 2686 et
962 2646 1032 2690 totius

161 2718 246 2774 patriae
257 2719 346 2759 nostrae
361 2714 474 2757 commodo
490 2715 593 2758 similiter
608 2716 676 2758 velint
689 2716 714 2758 in
729 2729 792 2757 suam
806 2715 899 2757 tutelam
914 2716 1031 2771 suscipere,

160 2801 256 2843 eumque
267 2786 366 2843 animare
374 2798 414 2827 sua
421 2785 558 2840 benignitate
570 2789 592 2827 et
603 2784 755 2827 benevolentia
766 2789 791 2826 ut
801 2788 848 2826 tam
858 2787 893 2840 pie
904 2790 1031 2841 susceptum

161 2871 217 2912 opus
228 2856 345 2912 regiminis
359 2854 421 2897 illius
439 2854 558 2896 Seminarii
568 2858 643 2910 pergat
662 2857 787 2896 constanter
803 2856 889 2910 exequi,
905 2857 1032 2913 nostrisque

162 2927 333 2971 necessitatibus
345 2926 461 2970 subvenire
471 2939 510 2981 per
520 2924 628 2969 bonorum
638 2926 786 2981 operariorum
796 2926 922 2969 continuam
933 2928 1032 2971 submin-

164 2999 312 3053 istrationem,
323 3001 390 3055 prout
399 2998 423 3041 in
436 2997 537 3054 singulas
556 2997 681 3042 Provincias
699 2997 768 3054 hujus
784 2998 856 3054 Regni
866 2999 956 3043 antehac
967 3000 1032 3044 missi
