2416 3337
473 162 618 194 SPIGILEGIUM
642 161 784 191 OSSORIENSE.

581 357 682 401 LXXIV.

214 480 309 522 Lnrrna
327 490 354 520 or
372 488 418 519 run
430 476 581 522 ,Anonmsnoa
600 487 628 516 or
647 475 711 516 Turn
730 488 758 517 ro
776 487 814 518 ms
832 473 912 516 Aenur
929 487 953 516 riv
971 473 1046 524 Ronn,

504 547 563 589 16111
579 545 670 598 Manen,
688 546 753 591 1637.

196 645 282 687 Emnrn
294 643 351 686 Drvn.

240 717 331 760 Vestrae
342 716 404 761 Dnis.
415 714 500 759 litteras
514 714 636 770 recepimus
653 715 679 757 de
694 718 765 757 morte
781 714 849 770 patris
861 714 918 758 Rmi.
930 713 981 761 Dni.
994 713 1062 756 Fran-

195 790 247 833 cisci
256 789 330 846 Ingoli
340 793 362 831 et
372 803 410 844 pro
428 788 527 844 ejrrsdem
541 788 627 829 animae
643 787 754 843 refrigerio
774 788 883 830 oravimus
899 800 940 830 nos
957 789 979 828 et
989 784 1062 828 nostri

195 865 293 918 pastores
304 864 326 903 et
337 860 395 902 idem
404 860 459 902 serio
468 859 692 901 recommendavimus
700 859 782 903 nostris
790 860 934 915 suffraganeis
941 871 1061 914 eorumque

195 931 321 987 pastoribus
331 932 355 973 in
367 931 455 986 signum
467 931 547 971 amoris
563 934 584 971 et
601 930 670 972 studii
686 931 744 986 apud
759 945 799 973 nos
814 931 946 975 immortalis
956 929 1063 987 praedicti

197 1004 282 1046 Revmi.
300 1002 375 1058 Ingoli
393 1016 444 1057 erga
461 1005 549 1057 gentem
570 1005 669 1043 nostram
686 1006 709 1043 et
725 1003 833 1057 praelatos
851 1003 919 1057 hujus
936 1003 1021 1058 Regni:
1041 1005 1063 1044 et

196 1088 270 1117 revera
284 1073 390 1116 memoria
406 1072 454 1128 ejus
473 1072 637 1114 benevolentiae
653 1074 674 1113 et
688 1085 752 1114 curae
768 1072 794 1114 de
811 1072 874 1115 nobis
891 1087 915 1114 ac
930 1072 971 1114 hoe
983 1072 1063 1114 afflicto

197 1160 264 1202 regno
275 1149 309 1188 est
321 1149 343 1187 et
354 1145 396 1187 erit
406 1158 492 1200 semper
501 1143 558 1199 apud
565 1158 606 1186 nos
618 1147 706 1185 aeterna
714 1143 820 1199 quamdiu
828 1143 908 1200 aliquis
917 1143 1064 1187 humanitatis

199 1215 280 1259 nedum
292 1215 405 1270 religionis
416 1229 495 1257 sensus
508 1214 616 1271 supererit
626 1214 650 1255 in
666 1213 729 1256 nobis
746 1218 784 1256 aut
801 1214 962 1257 successoribus
973 1213 1064 1257 nostris.

196 1287 255 1330 Fuse
273 1286 401 1341 scripsimus
421 1299 497 1327 mense
519 1285 636 1340 praeterito
658 1287 680 1326 et
695 1283 767 1327 adlruc
783 1285 855 1328 fusius
872 1286 992 1328 scribemus
1009 1285 1065 1327 cirea

195 1370 295 1400 mensem
305 1355 362 1399 Maii
378 1355 404 1398 de
415 1355 481 1398 rebus
496 1355 676 1397 concernentibus
687 1359 786 1397 nostram
797 1356 936 1399 Provinciam
947 1371 970 1400 ac
980 1356 1065 1412 specia-

196 1430 246 1472 liter
257 1430 283 1471 de
300 1428 447 1470 controversia
462 1431 538 1469 nostra
549 1442 600 1469 cum
616 1428 744 1483 Praeposito
761 1427 875 1470 Galviensi
892 1429 930 1485 qui
946 1428 1063 1471 indirectis

196 1500 238 1541 viis
256 1499 327 1541 utitur
346 1497 373 1539 ad
392 1498 547 1540 declinandum
565 1498 674 1553 judicium
691 1498 803 1540 Romanae
822 1499 901 1541 Curiae
918 1502 940 1541 et
957 1510 1063 1554 rogamus

197 1570 225 1613 D.
235 1569 260 1612 V.
272 1572 297 1611 ut
309 1572 398 1611 strenue
412 1571 434 1610 te
452 1582 514 1622 geres
531 1570 553 1610 in
569 1568 611 1610 lroc
626 1569 714 1624 negotio
730 1569 789 1623 quod
805 1570 963 1612 committimus
978 1573 1064 1624 proteo-

198 1641 254 1684 tioni
272 1640 325 1682 dicti
342 1639 395 1681 Dni.
415 1639 501 1681 Revmi.
527 1639 602 1695 Ingoli
620 1653 659 1682 neo
677 1640 792 1694 permittas
811 1639 1010 1682 machinationibus
1027 1641 1064 1682 ad·

198 1712 344 1755 versariorum
359 1712 396 1767 jus
408 1714 509 1753 nostrum
518 1714 539 1753 et
548 1724 698 1753 successorum
707 1713 833 1753 nostrorum
844 1710 902 1753 laedi
912 1711 946 1753 vel
958 1712 1064 1768 extingui.

199 1783 285 1825 lllmus.
297 1783 325 1824 D.
338 1782 423 1823 Primas
434 1782 501 1837 hujus
512 1782 584 1837 Regni
597 1785 620 1824 et
636 1795 676 1824 nos
691 1785 736 1823 tres
751 1781 788 1823 alii
798 1780 992 1823 Archi-Praesides
1008 1782 1066 1837 ejus·

198 1854 248 1896 dem
259 1854 316 1896 circa
326 1853 408 1895 festum
421 1852 443 1895 S.
456 1852 572 1895 Michaelis
583 1853 681 1908 proxime
692 1853 792 1894 futurum
803 1851 897 1895 invicem
911 1853 1066 1895 conveniemus

198 1923 340 1966 deliberaturi
351 1924 377 1965 de
393 1923 458 1965 rebus
476 1923 627 1979 spectantibus
644 1923 671 1965 ad
688 1923 811 1965 ministeria
826 1925 945 1979 respective
956 1928 1031 1966 nostra
1042 1939 1066 1966 ac

198 1994 340 2049 potissimum
349 1994 375 2035 de
383 2007 476 2035 numero
484 1995 647 2049 Episcoporum
654 2008 739 2035 necnon
747 1993 922 2049 Episcopatuum
930 1995 968 2050 qui
977 1995 1066 2049 possint

198 2065 255 2107 alere
271 2064 305 2106 vel
324 2067 448 2106 sustentare
464 2064 533 2120 Epos.
552 2079 575 2106 ac
593 2065 677 2107 interea
694 2066 799 2120 temporis
811 2065 961 2108 desideramus
971 2070 996 2107 111
1007 2067 1065 2108 nulli

198 2138 283 2191 praeter
304 2147 343 2189 per
368 2147 409 2176 nos
436 2134 557 2189 specialiter
586 2134 750 2176 commendatos
768 2140 937 2190 promoveantur
953 2135 980 2178 ad
997 2136 1065 2179 Sedes

198 2204 340 2261 Episcopales
360 2207 381 2245 et
399 2203 425 2246 de
446 2204 486 2246 hae
507 2208 582 2247 nostra
601 2208 675 2246 mente
692 2218 772 2260 quaeso
790 2205 925 2261 praedictum
947 2207 1063 2250 Revmum.

199 2277 228 2319 D.
237 2275 341 2332 lngolum
352 2276 417 2317 faciat
428 2279 499 2317 vestra
510 2276 569 2318 Dtio.
583 2276 704 2328 certiorem,
713 2290 798 2319 necnon
810 2280 858 2333 agat
871 2279 927 2321 serio
938 2292 988 2321 cum
998 2279 1066 2322 Eme.

200 2363 224 2390 ac
235 2347 325 2390 Revmo.
335 2347 363 2389 D.
372 2349 447 2389 nostro
458 2346 589 2399 Protectore,
601 2349 692 2390 nomine
702 2352 778 2390 nostro
789 2348 915 2392 humillime
926 2349 1068 2406 expostulans

202 2425 226 2462 ut
247 2420 360 2462 neminem
382 2419 495 2475 permittat
519 2420 602 2462 assumi
628 2420 656 2462 ad
677 2420 764 2464 culmen
785 2420 925 2478 Episcopalis
952 2423 1068 2477 dignitatis

201 2492 226 2534 in
241 2491 282 2534 hoo
298 2494 373 2533 nostro
390 2490 468 2533 afflicto
484 2490 561 2548 Regno
576 2492 687 2534 favoribus
703 2492 831 2549 Principum
850 2497 888 2536 aut
920 2494 969 2536 aliis
995 2495 1068 2538 modis

201 2565 286 2617 praeter
302 2561 480 2604 commendatum
490 2576 528 2618 per
539 2563 734 2619 Metropolitanum
745 2567 767 2606 et
778 2564 925 2620 suffraganeos
936 2564 1033 2620 ejusdem
1044 2565 1068 2607 in

203 2634 297 2689 siugulis
308 2635 429 2690 respective
443 2634 564 2677 Provinciis
575 2636 613 2691 qui
624 2640 705 2687 norunt
717 2636 806 2692 ingenia
816 2651 888 2680 mores
898 2641 919 2679 et
930 2636 1008 2679 merita
1017 2650 1068 2692 pro-

202 2704 360 2748 movendorum
371 2709 392 2747 et
402 2705 599 2762 praeferendorum.
633 2705 709 2749 Valeat
720 2710 792 2749 vestra
802 2707 928 2751 Dominatio
939 2706 996 2749 felix.

247 2785 338 2841 Raptim
349 2802 374 2829 ex
385 2787 431 2830 loco
442 2789 513 2831 nostri
524 2788 613 2844 Refugii
623 2788 646 2830 in
658 2789 720 2832 Hibr-
732 2788 759 2831 16
771 2790 853 2842 Martii,
866 2789 927 2834 1637.

563 2872 611 2914 Vm·
622 2868 672 2914 Dm.
684 2873 767 2915 amicus
779 2872 932 2927 integerrimus

669 2944 805 2994 btrnlouns
818 2941 918 2999 Archiep.
931 2942 1037 2986 Tuamen.

232 3009 286 3054 Rev.
297 3010 354 3054 Dno.
366 3013 485 3058 Edmundo
496 3014 601 3069 Dvperio.
634 3016 730 3059 Romam.
