2416 3337
225 187 252 230 31
504 200 647 231 srrcrnaermu
664 199 806 231 cssoarnusa.

223 348 246 389 in
257 347 404 403 plurimorum
424 348 587 401 Catholicorum
603 364 648 392 non
666 348 778 392 modicum
795 347 929 391 scandalum.
960 346 1006 388 Nos
1023 345 1092 399 igitur

225 418 339 473 cupientes
350 420 374 461 in
387 419 518 463 Civitatibus
530 435 568 463 seu
580 420 665 477 oppidis
675 420 709 464 vel
720 420 785 462 Locis
797 419 895 461 eiusdem
906 417 996 461 Insulae
1013 416 1091 459 adhoc

226 490 411 534 commodioribus
427 492 588 535 Universiiates
605 492 729 535 studiorum
746 491 880 547 generalium
892 504 915 533 ac
927 490 1024 545 Collegia
1035 488 1089 544 erigi

226 565 247 604 et
258 563 355 615 institui,
367 566 432 618 prout
444 564 511 605 etiam
522 564 605 606 dudum
617 567 687 607 status
704 564 818 619 utriusque
828 563 888 605 Viris
899 576 954 619 quos
965 561 1090 618 suppositos

225 633 347 676 vocandum
358 635 499 677 convenirent
509 636 533 676 in
545 635 645 678 Oomitiis
654 635 771 677 Dubliniae
780 638 877 691 tempore
888 635 937 677 bon.
945 648 1011 676 mem.
1027 632 1092 689 Regi-

225 703 286 746 naldi
306 704 397 746 Sanctae
416 704 528 747 Romanae
547 705 658 747 Ecclesiae
677 704 757 748 Oardfis'
775 706 822 748 Peli
840 705 966 760 nuncupati,
986 707 1008 746 et
1023 703 1091 745 clarae

165 791 167 793 ·
225 777 344 818 memoriae
354 777 487 818 novissimae
494 776 586 832 Angliae
595 777 692 832 Reginae
701 776 791 828 habitis,
801 791 895 833 quorum
903 777 1013 831 insperata
1021 777 1091 817 morte

225 849 270 887 tam
281 845 343 901 pium
354 859 409 901 opus
419 846 568 902 interruptum
578 847 627 897 luit,
637 847 690 888 talia
700 846 822 889 studiorum
834 845 966 889 adminicula
977 844 1091 887 beneficio-

223 928 272 956 rum
288 914 418 958 huiusmodi
433 915 561 958 adiumento
579 917 712 972 capessenda
728 917 800 959 visum
818 918 886 960 fuisse
905 916 1009 959 asseritur
1028 918 1049 956 et
1065 928 1092 956 ex

224 985 398 1042 quibuscumque
410 986 549 1029 Secularibns
557 991 578 1029 et
584 987 731 1043 Regula-ibus
739 988 850 1031 beneficiis
858 1003 881 1030 ac
891 989 944 1031 locis
952 986 1091 1029 Ecclesiasti-

224 1056 255 1098 cis
265 1056 289 1097 in
301 1056 378 1100 eadem
388 1057 466 1099 Insula
478 1058 613 1110 constitutis,
626 1058 721 1114 demptis
738 1062 811 1102 tamen
821 1058 996 1115 Episcopalibus
1007 1058 1091 1099 fructus

224 1126 324 1169 redditus
335 1131 357 1169 et
367 1131 494 1183 proventus,
507 1143 530 1170 ac
547 1129 624 1171 domus
640 1133 662 1171 et
678 1129 782 1180 aedificia,
800 1143 854 1185 qnae
868 1143 908 1184 pro
920 1128 1038 1171 Civitatem
1051 1140 1089 1169 seu
1120 1121 1121 1125 ’

225 1197 355 1253 oppidorum
364 1202 402 1241 aut
412 1198 510 1241 locorum
526 1199 653 1255 hujusmodi
669 1199 864 1250 commoditatibus,
883 1197 1007 1239 Venerabili
1018 1195 1090 1237 Fra-tri

224 1269 526 1313 11611161116111111601611611
535 1271 638 1313 moderno
647 1275 669 1312 et
676 1285 714 1326 pro
721 1275 815 1325 tempore
820 1269 922 1311 existenti
928 1267 1090 1322 archiepiscopo

226 1341 365 1397 ssrrmachano
384 1342 452 1384 totius
471 1341 589 1384 Hiberniae
606 1343 705 1392 Primati,
723 1356 748 1383 ac
766 1341 843 1383 dilecto
862 1340 907 1382 filio
923 1339 1007 1382 Ducidl
1033 1337 1094 1392 Wolf

225 1413 356 1468 Presbytero
374 1413 488 1456 Societatis
502 1414 556 1456 Jesu
574 1414 597 1454 in
616 1413 722 1455 Hibernia
741 1412 850 1463 existenti,
868 1415 890 1453 et
906 1425 980 1454 eorum
992 1409 1089 1462 cuilibet,

225 1484 318 1540 aliisque
328 1485 429 1540 personis
439 1498 478 1540 per
496 1484 596 1527 eumdem
615 1483 748 1526 Richardnin
764 1487 785 1524 et
801 1498 838 1539 pro
850 1487 947 1539 tempore
958 1483 1089 1524 existentem

224 1555 362 1610 Episcopum
373 1554 534 1596 Armachannm
550 1554 718 1610 subdelegandis
729 1554 756 1596 ab
767 1554 850 1596 eisdem
864 1553 1013 1604 blonasteriis
1024 1552 1089 1594 bene-

225 1625 282 1667 ficiis
294 1629 316 1667 et
326 1625 382 1667 locis
393 1625 545 1667 dismembrari
556 1628 576 1666 et
593 1625 695 1680 separari,
712 1638 737 1667 ac
752 1623 938 1667 Universitatibus
953 1627 974 1665 et
986 1623 1089 1678 Collegiis

225 1696 337 1751 erigendis
343 1696 472 1738 huiusmodi
477 1710 516 1751 pro
523 1695 611 1738 illorum
617 1710 661 1738 usu
668 1695 805 1751 deabusque,
810 1696 840 1737 ita
846 1699 870 1737 111
878 1695 1018 1746 Honesteria,
1024 1694 1088 1737 bene-

225 1767 281 1819 ficia,
291 1781 315 1809 ac
324 1767 372 1809 loca
378 1766 533 1809 Ecclesiastica
540 1766 667 1821 huiusmodi
674 1768 763 1809 omnino
774 1782 890 1823 suppressa
898 1768 1035 1822 extinctaque
1044 1767 1089 1808 sint

225 1840 246 1879 et
254 1851 303 1879 esse
311 1837 745 1893 censeanturquorumaedificiaetdomus
751 1838 910 1893 proearundem
914 1838 1088 1881 Universitatum

225 1912 247 1950 et
258 1907 407 1963 Collegiorum
423 1921 470 1950 usu
485 1911 509 1949 ut
524 1908 645 1963 praefertur
664 1908 777 1950 convenire
793 1908 931 1951 videbuntur.
959 1908 1087 1951 incaeteris

224 1993 274 2022 vero
284 1979 433 2030 blenasteriis,
446 1978 557 2021 beneficiis
569 1982 590 2020 et
600 1978 655 2021 locis
670 1979 828 2021 Ecclesiasticis
843 1979 970 2022 huiusmodi
980 1979 1008 2021 ad
1022 1994 1088 2022 nsum

223 2050 346 2105 praefatum
358 2049 493 2105 applicandis
508 2049 669 2092 Universitates
680 2053 702 2091 et
720 2047 816 2104 Oollegia
832 2050 942 2105 praedicta
957 2050 1087 2107 illorumque

225 2121 360 2177 Superiores,
377 2120 411 2163 vel
428 2121 543 2171 Praefecti,
562 2135 586 2163 ac
602 2121 713 2171 Hectores,
727 2120 842 2180 scholares,
862 2124 883 2162 61
903 2121 1032 2177 Collegiales
1042 2136 1087 2164 non

223 2191 317 2247 amplius
334 2194 452 2234 teneantur
473 2190 500 2233 ad
524 2190 716 2242 llonasteriorum,
730 2205 769 2233 seu
779 2190 932 2234 beneficiorum
949 2206 972 2234 ac
991 2192 1086 2235 locorum

222 2262 428 2304 Ecclesiasticorum
453 2261 572 2304 eorundem
594 2276 661 2305 onera
689 2261 860 2318 supportandum
881 2277 945 2318 quam
967 2264 1085 2306 eorundem

216 2333 417 2388 *llonasterierum
430 2347 470 2376 seu
479 2333 634 2375 beneficiorum
646 2347 669 2375 ac
679 2334 777 2376 locorum
787 2333 860 2374 ultimi
870 2333 963 2389 legitimi
973 2334 1007 2376 vel
1016 2335 1086 2390 illegin

223 2403 275 2445 timi
292 2406 430 2458 occupatores
448 2416 487 2445 seu
503 2402 626 2445 detentores
641 2404 748 2445 haetenus
765 2407 926 2458 supportarunt,
942 2418 970 2445 ne
988 2404 1088 2447 videlicet

224 2474 314 2530 pietatis
329 2488 392 2531 opus,
410 2474 448 2516 ubi
467 2474 615 2516 extorsionum
632 2474 734 2529 impietas
750 2474 784 2516 vel
801 2477 857 2516 certe
875 2475 982 2523 nefarium
999 2479 1086 2532 tempus

216 2539 341 2588 ¹hominum
353 2545 463 2588 devotioni
478 2546 583 2587 hactenus
599 2545 752 2602 triumphavit,
764 2546 856 2600 opprimi
866 2546 970 2598 videatur,
982 2552 1086 2604 perpetuo

223 2616 364 2660 concedimus
375 2616 480 2672 applicari
491 2620 512 2658 et
524 2617 664 2673 appropriari,
676 2621 701 2659 111
710 2616 816 2659 bonorum
832 2619 929 2660 omnium
940 2619 1041 2676 largitore
1052 2635 1086 2662 co-

223 2676 327 2745 operante
346 2688 474 2730 huiusmodi
491 2688 586 2730 miseriis
604 2688 696 2731 feliciter
715 2688 820 2739 obvietur,
840 2692 860 2730 et
878 2690 967 2732 tandem
988 2691 1011 2732 in
1028 2690 1086 2732 dicta

223 2762 333 2805 Hibernia
343 2760 385 2803 viri
396 2760 477 2802 eruditi
494 2765 516 2802 et
534 2760 639 2803 Doctores
659 2761 776 2803 succedant
795 2760 831 2816 qui
848 2762 970 2804 Ecclesiam
988 2762 1030 2803 Dei
1040 2775 1085 2804 non

222 2835 356 2890 opprimant,
370 2832 407 2875 sed
423 2832 486 2874 illam
503 2846 530 2874 ex
540 2832 634 2887 propriis
645 2831 709 2874 bonis
719 2835 866 2887 promoveant
878 2832 965 2884 acutides
975 2831 1086 2876 Catholica

223 2905 277 2948 inibi
294 2909 410 2962 propterea
428 2918 473 2946 non
491 2903 602 2946 medicum
621 2904 727 2960 suscipiat
748 2904 907 2962 incrementum
927 2908 991 2960 prout
1011 2909 1085 2948 nostro

221 2976 329 3021 Pastorali
339 2976 449 3021 incumbit
460 2975 529 3020 officio
541 2979 661 3031 opportune
674 2975 784 3031 providere
792 2975 889 3019 volentes
897 2977 984 3020 eosdem
991 2977 1084 3021 11111111-
