2416 3337
445 138 590 169 srrcrnneruu
606 140 748 170 ossonmusn.
986 131 1028 173 153

51 285 53 287 ’
92 303 94 306 ·
160 299 223 341 saepe
235 285 261 327 ab
271 284 351 339 cinglis
362 287 446 338 captus,
458 283 482 324 in
500 296 551 338 pace
571 285 592 325 et
611 287 723 326 senectute
747 284 804 327 bona
823 298 891 327 annos
908 285 969 326 finiit
979 289 1028 340 post

159 356 237 410 viginti
244 358 266 396 et
274 353 369 409 amplius
378 367 487 396 annorum
493 352 585 396 labores.
619 354 692 397 Testis
700 354 779 397 Frater
788 355 903 398 Cornelius
912 355 1028 399 Dubenius

159 426 229 480 Epus.
240 425 327 467 Dunen.
339 428 361 466 et
372 423 479 466 Coneren.
492 423 601 467 sexdecim
611 425 646 467 rel
657 425 742 467 circiter
754 425 781 467 ab
792 425 844 468 hinc
855 426 920 468 annis
931 425 1028 482 glorioso

158 496 262 551 martyrio
270 496 360 538 affectus
371 496 394 538 in
406 496 500 539 Ciuitate
508 496 624 552 metropoli
632 496 741 549 Dubitat,
750 501 842 554 uterque
851 498 930 540 horum
939 498 1028 540 Ordinis

158 567 271 609 Minorum
282 566 398 623 Regularis
414 566 573 610 observantiae.
606 567 679 610 Testis
694 567 749 609 Rmffl·
764 568 791 610 D.
809 568 927 611 Cornelius
938 569 1027 612 Bullius

158 638 229 693 Epus.
241 638 373 694 Rapotensis
384 638 422 694 qui
433 638 500 680 etiarn
511 651 576 694 super
585 652 651 694 grege
671 653 711 681 suo
722 639 776 695 vigil
787 643 809 681 et
819 653 925 695 praesens
942 653 1027 695 semper

157 711 308 765 perseveravit.
336 711 368 752 Hi
377 704 456 754 ¹onmes
467 714 555 753 tantum
565 710 635 763 abest,
648 714 673 753 ut
689 711 767 767 Regno
785 715 848 754 metu
866 711 1027 767 persecutionis

159 782 267 834 cederent,
285 783 323 826 sed
339 784 376 826 rix
392 784 441 838 ipsa
460 783 575 826 Provincia
592 783 638 825 nisi
654 797 720 825 causa
736 783 816 827 salutis
831 784 961 835 vicinarum,
974 783 1027 825 defi-

156 854 266 896 cientibus
282 854 335 895 alibi
350 853 485 896 Pastoribus.
518 854 601 897 Omitto
611 854 695 897 multos
706 854 816 898 inferioris
828 854 886 897 Cleri
897 856 936 912 qui
946 855 1022 911 plures

156 937 248 965 nurnero
259 922 311 965 fidei
321 923 482 965 contessionem
493 925 596 978 martyrio
607 925 797 977 confirmaverunt,
815 941 880 982 quam
891 927 915 968 in
927 927 972 969 ulla
983 927 1026 968 alia

155 994 225 1036 totius
236 994 299 1050 regni
309 994 425 1050 provincia.
458 993 516 1036 Tuto
532 994 601 1049 igitur
612 995 786 1037 Prouincialibus
799 996 866 1038 Sedes
876 996 961 1052 Aplica.
974 1011 1026 1040 suae

156 1065 278 1121 provinciae
286 1065 410 1107 committet
416 1078 491 1106 curam
499 1064 523 1107 in
530 1065 610 1121 quibus
619 1068 641 1107 et
648 1065 748 1121 exempla
756 1065 831 1121 vigent
839 1066 911 1108 fidelis
920 1066 1028 1109 adminis-

155 1136 265 1187 trationis,
278 1140 299 1178 et
310 1136 388 1178 merita
399 1150 467 1192 quam
477 1136 502 1178 in
513 1136 562 1179 aliis
578 1137 735 1193 frequentiora,
749 1151 774 1179 ac
784 1136 877 1192 proinde
888 1151 933 1180 non
945 1138 1027 1180 debent

155 1206 256 1261 opprimi,
268 1206 312 1248 imo
323 1206 453 1249 rationabile
462 1206 524 1249 valde
533 1211 573 1259 est,
582 1211 608 1250 ut
619 1208 657 1264 qui
668 1208 757 1250 fidelius
770 1207 793 1250 S.
807 1207 858 1250 Sedi
868 1208 1025 1260 inservierunt,

155 1281 176 1319 et
193 1278 323 1329 inserviunt,
344 1278 444 1333 ejusdem
462 1278 482 1320 S.
501 1278 563 1321 Sedis
579 1279 676 1322 favorem
692 1283 714 1322 et
730 1280 878 1335 patrocinium
889 1281 1025 1336 peculiarius

155 1349 364 1404 experimententur‚
376 1348 435 1405 quod
447 1350 466 1392 si
475 1350 566 1393 Ultonia
577 1351 600 1392 id
610 1365 655 1393 non
666 1352 855 1407 experimentetur
862 1353 924 1407 juste
934 1352 1024 1408 quidem

154 1423 319 1475 conquaemtm,
328 1420 410 1475 justior
420 1419 529 1463 videbitur
544 1421 711 1476 ejus-murmur,
723 1435 789 1477 quam
802 1421 935 1464 Graecorum
947 1422 1022 1465 adver-

155 1504 192 1533 sus
203 1490 308 1541 Judaeos,
325 1503 349 1532 eo
368 1490 427 1546 quod
442 1491 466 1533 in
484 1491 607 1534 ministerio
626 1491 754 1547 quotidiano
771 1491 934 1547 despicerentur
944 1493 1023 1536 viduae

156 1576 239 1605 eorum.

199 1635 222 1678 7⁰
231 1632 336 1676 Rationes
345 1632 415 1685 datae,
423 1633 447 1675 ni
454 1632 523 1685 fallar,
532 1632 665 1676 sufficienter
671 1633 804 1689 persuadent
811 1634 898 1676 nullum
904 1635 973 1678 alium
980 1637 1024 1679 nisi

153 1718 229 1746 verum
233 1704 386 1747 Ultoniensem
393 1718 441 1747 esse
445 1703 586 1760 deligendum
593 1705 617 1746 in
625 1705 672 1747 loco
677 1704 776 1747 defuncti
782 1703 910 1749 Armacani:
919 1710 941 1748 et
948 1721 1023 1762 quam·

153 1776 186 1819 vis
197 1779 272 1818 contra
280 1789 422 1832 quoscunque
429 1775 517 1818 aliunde
526 1776 629 1819 oriundos
636 1775 708 1819 valide
714 1775 812 1818 militent
818 1776 912 1819 validius
921 1777 993 1820 adhuc
1001 1777 1024 1819 id

153 1847 236 1889 faciunt
246 1851 321 1889 contra
331 1847 418 1889 Mediae
425 1847 515 1899 incolas,
528 1847 830 1903 quaeprovinciunculaesta
840 1848 931 1905 reliquis
942 1849 1023 1892 Hiber-

152 1918 200 1960 niae
211 1918 328 1973 provinciis
339 1918 362 1959 in
372 1918 469 1974 politicis
481 1917 578 1961 diversa:
596 1922 618 1960 et
629 1932 763 1974 quamquam
774 1917 903 1970 Armacano,
916 1924 1022 1976 tanquam

152 1987 322 2043 Metropolitano
328 1989 352 2030 in
360 1988 512 2044 spiritualibus
520 1988 616 2043 subjecta
623 1988 798 2041 sitanrovincia
805 1992 879 2031 tamen
888 1989 990 2032 Ultoniae
998 1991 1021 2032 in

151 2060 214 2115 cujus
224 2058 297 2101 medio
306 2059 348 2101 sita
358 2063 392 2101 est
402 2059 484 2101 Civitas
492 2057 613 2101 Armacana
624 2059 647 2100 in
656 2059 814 2113 temporalibus
821 2063 855 2101 est
862 2059 1018 2112 diversissima,

151 2131 214 2187 eique
224 2129 282 2172 ultra
292 2144 368 2172 omnes
375 2129 447 2185 Regni
457 2129 582 2172 Provincias
588 2130 756 2172 inimicissima:
774 2130 853 2186 quippe
864 2144 919 2187 quae
930 2135 1020 2175 antrum

151 2204 184 2244 est
194 2204 216 2243 et
226 2199 388 2256 receptaculum
398 2199 523 2255 Anglorum
534 2203 555 2241 et
565 2213 593 2241 en
603 2200 635 2243 eis
646 2199 797 2251 oriundorum,
806 2201 844 2256 qui
856 2201 979 2254 Ultoniarn,
992 2203 1019 2246 ob

152 2286 186 2314 res
197 2275 273 2315 contra
283 2285 320 2314 eos
330 2271 415 2314 fortiter
427 2273 507 2327 gestas,
519 2269 567 2313 odio
578 2273 743 2326 prosequuntur
749 2271 846 2313 mortali.
878 2271 909 2314 Et
921 2274 1021 2328 quamvis

152 2342 260 2385 Catholici
271 2343 323 2394 sint,
335 2341 413 2397 majori
423 2355 450 2384 ex
464 2344 532 2397 parte,
544 2340 598 2384 adeo
613 2344 689 2384 tamen
705 2346 759 2384 sunt
768 2341 885 2386 haereticis
897 2343 979 2386 addicti
995 2348 1021 2387 ut

150 2414 268 2470 nequidem
278 2413 350 2457 videre
361 2427 397 2456 eos
408 2412 476 2455 veiint
492 2412 530 2468 qui
544 2411 629 2469 Anglos
647 2417 739 2469 possent
750 2405 873 2468 offendere,
885 2416 944 2471 quod
959 2420 1020 2472 patet

151 2486 278 2541 quotidiana
288 2485 422 2542 experientia
432 2488 454 2527 et
464 2483 607 2540 peculiariter,
625 2499 650 2527 eo
667 2485 725 2541 quod
741 2500 768 2528 ex
778 2489 840 2542 parte
851 2485 1018 2540 haereticorum,

150 2560 226 2599 contra
234 2556 357 2599 Catholicos
364 2554 430 2598 fidem
437 2558 607 2611 propugnantes,
617 2569 704 2612 semper
713 2557 822 2608 steterint,
832 2557 1017 2613 quemadmodum

151 2631 173 2670 et
184 2642 270 2684 semper
281 2631 334 2671 sunt
343 2627 415 2684 parati
427 2629 492 2680 stare,
505 2627 524 2669 si
534 2640 631 2683 unquam
643 2627 727 2670 occasio
739 2641 787 2671 sese
798 2628 892 2671 offerret.
924 2628 1017 2671 Exclusi

150 2712 200 2755 ergo
211 2702 316 2741 maneant
332 2713 344 2741 a
360 2697 474 2740 Gubernio
492 2697 642 2740 Ecclesiarum
660 2694 764 2741 Ultoniae
775 2713 852 2742 omnes
868 2699 984 2742 Medenses
995 2703 1018 2741 et

149 2774 307 2826 consequenter
317 2770 382 2812 Pater
391 2769 534 2812 Prouincialis
543 2770 739 2813 Dominicanorum
755 2771 793 2827 qui
803 2770 914 2813 Medensis
930 2773 971 2820 est,
989 2770 1017 2812 ob

148 2840 245 2883 rationes
264 2841 333 2893 datas,
356 2841 408 2897 quia
425 2841 510 2884 invisus
529 2844 562 2884 est
580 2841 751 2885 Ultoniensibus
770 2846 791 2885 et
809 2842 859 2897 quia
878 2841 901 2882 in
924 2840 1017 2884 Ultonia

149 2909 292 2954 residentiam
313 2926 357 2954 non
381 2912 462 2967 poterit
486 2912 562 2955 facere.
603 2912 635 2954 Et
663 2913 770 2969 praeferre
795 2925 845 2953 eum
870 2911 1017 2968 Episcopatui

150 2980 257 3034 bledensi,
270 2981 332 3036 cujus
342 2985 445 3037 parentes
456 2985 478 3024 et
489 2983 553 3025 amici
565 2996 651 3039 semper
661 2983 819 3025 haereticorum
834 2981 925 3025 fuerunt
941 2988 1018 3028 contr-a
