2416 3337
192 232 234 277 114
475 244 618 275 srrcrnnerun
635 243 778 276 ossonmnsn.

190 397 340 437 concrematos
351 395 373 436 in
385 393 489 437 coenobio
501 407 541 437 6116
548 391 654 449 quosdam
662 393 720 435 uiros
733 392 857 448 Religiosos
869 406 923 447 quos
935 391 961 434 de
971 391 1055 448 flagitio

191 464 286 519 quodam
302 469 416 521 suspectos
435 464 553 507 habebant.
584 464 678 517 Exinde,
694 464 807 520 inquiunt,
820 464 917 506 fortunae
936 463 1056 506 ludibrium

189 535 243 578 facti
264 540 315 579 sunt
335 537 402 579 etiam
419 536 462 579 seri
479 539 569 592 nepotes
588 550 664 578 eorum
682 536 720 591 11111
739 536 792 578 olim
810 539 960 591 peccaverunt.
999 535 1055 578 Oura

190 610 265 648 autern
279 607 391 649 Romanae
405 606 456 648 fidei
474 606 519 649 sint
534 605 656 661 municipes
675 620 752 648 onmes
768 606 791 647 in
808 620 875 661 eaque
885 606 956 648 rivere
967 610 989 648 et
999 606 1055 649 mori

191 680 296 729 statuant,
316 678 454 720 decessorum
470 690 558 719 suorum
576 677 595 718 si
612 677 669 731 quod
686 676 729 717 tale
746 676 789 717 fuit
803 676 886 717 facinus
906 677 1053 733 deprecantes

189 761 202 788 a
221 747 299 789 Sancta
317 747 372 790 Sede
386 746 519 802 Apostolica,
532 745 557 786 ab
567 745 715 787 Anathernate
732 746 752 787 si
764 746 822 801 quod
832 745 875 787 tale
893 746 943 798 fuit,
956 751 994 788 aut
1010 748 1053 789 alio

189 817 304 860 maledicto
325 816 457 859 solutionem
478 814 593 857 humiliter
611 819 696 870 petunt.
734 814 808 871 Atque
829 815 878 872 Ego
897 815 1003 871 indignus
1021 817 1052 872 ip-

188 901 261 929 sorum
276 887 349 942 Epus.
361 901 400 941 pro
416 886 447 928 eis
460 889 511 940 peto
519 888 544 927 ut
554 884 610 927 mihi
623 885 775 928 committatur
785 881 910 942 Apostolica
923 887 1051 929 auctoritate

186 972 223 1000 eos
244 957 361 1008 absolvere,
381 956 532 1013 apostolicam
552 957 662 1013 impertiri
682 956 864 1000 Benedictionem
884 961 907 1000 61
931 952 1051 1014 plenariam

186 1028 301 1071 concedere
321 1028 486 1084 Indulgendum
503 1029 526 1070 in
547 1027 581 1070 die
602 1041 645 1083 qua
666 1027 792 1071 absolvendi
811 1032 862 1071 sunt
880 1032 997 1086 postquam
1013 1042 1052 1086 per

185 1097 242 1142 bona
252 1114 316 1155 opera
327 1113 351 1142 se
361 1099 512 1155 disposuerint
523 1098 549 1140 ad
559 1098 734 1143 benedictionem
746 1099 908 1155 acceptandam.

247 1170 310 1222 Quod
319 1170 424 1222 faciendo,
438 1170 475 1212 166.
849 1159 850 1162 “

693 1239 800 1291 «1611111116,
810 1240 880 1296 Epus.
892 1240 1018 1282 Feruensis.

246 1301 274 1344 25
284 1300 345 1353 Feb,
358 1300 422 1343 1632.

239 1489 272 1531 To
282 1488 316 1531 tbe
327 1502 393 1542 sarrae,
406 1502 433 1530 ora
443 1487 479 1530 the
489 1487 658 1542 Appoirrtrrrerrts
670 1487 695 1543 of
701 1488 813 1531 Dioccsoa
826 1489 927 1543 Chapter,
939 1489 993 1532 aaa

482 1558 602 1613 Fcbraorp,
621 1559 686 1603 1632.

182 1678 237 1720 Eur.
249 1690 278 1720 nr
288 1677 343 1719 Ruri.
352 1676 404 1718 DD.

227 1749 271 1790 Vix
286 1751 320 1790 est
338 1746 383 1788 ulla
397 1747 509 1789 Diaecesis
525 1746 548 1787 in
565 1745 607 1788 hoc
625 1745 701 1802 Regno
716 1747 814 1802 gaudens
831 1747 880 1803 Epi.
898 1747 974 1789 solatio
990 1762 1044 1804 quae

183 1833 250 1861 suurn
260 1832 305 1859 non
316 1816 395 1858 lrabeat
407 1816 535 1872 Capitulum
545 1815 690 1872 complectens
701 1816 819 1872 dignitates
835 1818 956 1873 antiquitus
971 1819 1047 1861 tunda-

182 1894 217 1932 tas
228 1890 252 1931 in
264 1887 437 1938 Cathedralibus
447 1901 502 1942 quae
513 1890 534 1928 61
544 1886 609 1928 bodie
619 1886 759 1942 possidentur
773 1902 811 1943 per
827 1901 862 1931 eos
878 1888 916 1944 qui
925 1888 1047 1932 Ecclesias-

181 1961 221 2002 tici
233 1962 351 2002 censentur
361 1958 418 1999 inter
433 1957 453 1998 N
456 1962 560 2000 oratores.
581 1956 664 1999 Verum
680 1972 719 2013 ego
730 1956 800 2001 multo
811 1962 907 2015 ternpore
918 1960 1002 2002 alienus
1013 1960 1046 2003 fui

183 2032 210 2074 ab
227 2030 335 2073 erectione
355 2028 450 2084 Capituli
461 2028 485 2069 in
505 2028 597 2071 diaecesi
612 2042 667 2081 mea,
677 2032 702 2071 ut
717 2030 817 2071 fomitem
833 2030 959 2073 ambitionis
975 2035 997 2074 et
1011 2032 1045 2074 in·

179 2102 249 2145 vidiae
270 2100 296 2142 ab
316 2098 523 2141 Ecclesiasticorum
543 2112 643 2140 meorum
665 2099 744 2141 animis
770 2114 864 2143 arcerem
889 2101 972 2156 procul.
1010 2102 1046 2144 Ad

178 2170 336 2215 occurrendum
346 2172 421 2211 tamen
431 2168 496 2210 malis
512 2182 566 2224 quae
582 2171 634 2224 apta
650 2172 702 2211 sunt
719 2170 782 2226 sequi
792 2184 819 2212 ex
828 2171 982 2227 intempestiva
992 2186 1045 2228 quo-

178 2244 279 2286 rumdam
290 2240 409 2284 ambitione
420 2243 507 2282 coactus
518 2239 549 2281 fui
558 2240 584 2281 ad
595 2239 742 2282 imitationem
753 2241 845 2284 6116111111
855 2242 963 2298 Eponam.
976 2244 1042 2285 etiam

178 2319 279 2370 exoptare
289 2317 314 2355 ut
324 2312 365 2354 viri
376 2311 443 2367 aliqui
459 2311 577 2358 venerandi
592 2311 630 2366 qui
645 2311 668 2352 in
684 2325 733 2354 mea
749 2312 849 2356 Diaecesi
865 2317 917 2356 sunt
933 2314 961 2356 ad
972 2314 1042 2370 digni-

177 2390 235 2429 tates
246 2384 331 2426 Ecclae.
341 2397 401 2424 meae
417 2386 594 2424 assumerentur:
612 2383 723 2437 praesensi
738 2384 798 2425 enim
809 2385 900 2427 aliarum
911 2385 1043 2427 Diaecesum

175 2459 269 2514 juvenes
279 2454 391 2509 imperitos
406 2453 456 2508 quia
468 2457 568 2507 vacantes
585 2454 684 2496 viderent
702 2455 828 2510 Dignitates
843 2454 929 2512 Ecclae.
945 2468 1006 2497 meae
1016 2470 1043 2498 ex

142 2557 143 2560 =
179 2525 305 2571 ambitionis
317 2527 379 2566 aestu
393 2523 420 2564 ad
434 2522 522 2564 easdem
536 2524 629 2578 aspirare
639 2525 735 2567 voluisse
748 2528 771 2566 et
786 2524 902 2579 impetrare
919 2524 1008 2567 molitos
1017 2526 1042 2567 in

178 2598 278 2641 Romana
297 2593 364 2636 curia.
398 2593 496 2643 Quorum
516 2593 606 2634 vanitati
627 2609 677 2636 curn
697 2593 754 2635 milri
772 2594 893 2636 necessario
911 2594 1043 2638 obstandum

177 2671 232 2712 foret
241 2663 354 2722 siquando
364 2661 795 2718 66161166111111616161161111111111161666
802 2665 857 2706 male
864 2665 981 2707 ascitarum
990 2666 1042 2709 duxi

176 2736 358 2796 praeveniendam
375 2746 450 2775 eorum
469 2732 621 2775 temeritatem.
653 2735 732 2789 ltaque
754 2733 781 2775 ad
801 2734 896 2789 quinque
914 2731 1042 2791 Dignitates

142 2840 145 2845 Α
175 2810 286 2854 Ecclesiae
297 2820 359 2850 meae
376 2803 490 2859 designari
508 2803 675 2859 quinqueviros
693 2805 758 2846 annis
780 2808 802 2846 et
822 2805 906 2848 meritis
924 2821 999 2863 graves
1017 2812 1039 2851 et

175 2881 289 2939 primarios
300 2878 438 2934 coadjutores
448 2888 510 2917 meos
518 2874 541 2915 in
552 2874 593 2916 hoc
604 2874 788 2917 6111161111616116
799 2890 841 2932 quo
851 2877 935 2933 fungor.

220 2953 255 2996 Ad
263 2953 399 2994 Decanatum
408 2946 521 2991 nominavi
528 2945 553 2988 P.
563 2945 699 2989 Gulielmum
704 2946 806 2990 Deureux
812 2962 866 3003 pene
876 2952 1038 3007 sexagenarium

174 3025 285 3068 Vicarium
305 3035 380 3064 meum
407 3018 538 3077 generalem,
558 3017 739 3071 concionatorem,
759 3019 837 3075 viginti
861 3024 908 3064 6616
929 3036 1036 3069 annorum

177 3096 297 3152 operarium
307 3090 494 3137 inconfusibilem.
