2416 3337
425 132 568 163 seronaeruu
585 130 727 163 cssoarnrvsa.
972 118 1013 161 139

145 278 226 334 quibus
237 277 335 332 apprime
345 280 447 318 versatus
458 276 579 332 assumpsii
589 276 720 318 insiiluium
730 276 850 317 Siriciicris
860 275 1015 317 Observaniiae

146 348 236 389 Ordinis
259 345 334 387 Sancti
349 345 469 397 Francisci,
486 346 595 401 incoque
612 360 638 387 ea
654 345 768 401 diligentia
788 345 865 387 Sacrae
886 343 1017 399 Theologiae

144 415 252 465 incubuit,
264 419 290 457 ui
300 415 324 457 in
336 416 382 470 ejus
393 415 477 458 lectura
487 419 597 458 transacio
613 416 713 472 plurium
723 430 832 459 annorum
842 413 958 457 intervallo
975 427 1017 469 quo

145 486 165 527 ei
182 484 305 528 edocendae
320 486 411 537 vacarii,
427 486 491 541 junia
511 485 595 528 ordinis
614 487 799 529 consueiudinem
816 486 885 528 suerii
897 484 1016 540 jubilabas.

143 556 197 598 Fun
212 556 330 612 aliquando
342 556 436 612 Collegii
448 555 523 598 Sancii
537 555 631 599 Antonii
642 571 654 599 a
665 557 741 599 Padua
751 557 844 599 Lovanii
856 554 1015 603 Guardianus3

144 627 196 670 inde
206 627 290 670 missus
307 631 380 671 cusbos
392 642 445 670 suae
456 627 581 679 Provinciae
592 628 620 670 ad
631 628 753 684 capitulum
764 627 864 683 generale
874 626 977 668 habilum
992 625 1016 666 in

144 698 252 755 Hispania
263 714 320 743 anno
332 699 404 751 16203
422 699 501 742 deinde
511 700 580 742 totius
590 700 673 742 ordinis
685 700 788 743 delinitor
798 698 907 755 generalis
918 698 941 739 in
948 697 1015 738 reior·

143 770 240 811 matione
261 770 388 813 Conventus
409 770 541 812 Parisiensis
565 770 659 827 aliisque
679 771 765 812 muniis
787 769 896 812 obeundis
923 766 1015 822 praefati

144 840 227 881 ordinis
238 841 342 882 Generali
352 841 449 883 adsiibil:
465 841 534 883 immo
551 844 573 882 ei
583 842 607 883 in
618 846 664 884 bobo
676 842 752 883 ordine
762 844 837 883 laniae
849 838 1014 883 aesiimabionis

144 912 186 959 esi,
198 912 223 950 ub
234 911 345 964 superiore
362 924 419 952 anno
430 909 519 960 Romae,
532 924 582 952 cum
591 910 618 951 ad
629 911 757 964 eligendum
766 910 898 953 Generalenr
910 908 1015 963 suffragia

144 979 301 1031 conferrenlur,
312 979 467 1035 suffragiorum
478 979 624 1022 mullitudine
637 980 682 1022 Soli
693 980 714 1021 ei
724 981 814 1022 cesserit
825 983 863 1035 qui
872 982 920 1035 jam
932 979 1015 1020 (lener-

144 1049 185 1091 alis
196 1052 236 1100 esi,
248 1050 330 1092 ibidem
342 1050 409 1091 eiiam
417 1050 441 1091 in
454 1049 555 1103 Capilulo
567 1048 672 1091 Generali
682 1063 756 1091 coram
767 1049 844 1091 mullis
852 1048 1013 1097 cardinalibus,

144 1120 262 1176 Religiosis
277 1122 370 1176 aliisque
381 1122 434 1164 viris
445 1120 579 1163 docbissimis
591 1107 728 1176 Theologiae'
735 1120 884 1163 defendendae
897 1119 1014 1174 praesedit.

143 1190 208 1233 Nune
217 1205 267 1234 vero
278 1193 301 1234 in
319 1191 433 1234 Conveniu
450 1206 515 1247 quem
531 1191 600 1232 Aram
618 1191 679 1234 Coeli
697 1196 776 1234 vocant
788 1191 865 1233 Sacrae
883 1190 1015 1245 Theologiae

143 1260 259 1303 lectionem
277 1262 404 1317 primariam
420 1261 496 1303 aradii.
529 1260 573 1302 His
590 1262 675 1303 accedit
690 1276 740 1303 rara
750 1263 807 1304 vilae
818 1262 880 1304 illius
891 1261 1014 1315 iniegriiaa

143 1346 230 1374 morum
242 1333 366 1388 exemplum
382 1337 404 1375 ei
420 1332 538 1387 singularis
555 1332 636 1375 modus
653 1334 763 1375 braciandi
781 1333 909 1375 Provinciae
921 1332 1014 1375 Ardma-

144 1403 226 1444 chanae
244 1403 334 1454 incolas,
357 1408 379 1445 eb
395 1417 446 1445 cum
464 1404 495 1445 eis
513 1403 607 1458 agendi;
625 1404 678 1446 adeo
696 1408 723 1446 ui
738 1408 784 1446 iarn
801 1418 813 1445 a
834 1404 898 1446 (llere
918 1417 983 1458 quam
1001 1417 1014 1443 a

143 1475 261 1518 Nobilibus
272 1479 294 1517 ei
301 1476 381 1532 populo
393 1489 479 1518 summe
489 1480 575 1517 ameuu
585 1480 611 1518 ui
622 1478 660 1532 qui
668 1480 690 1518 eb
701 1476 728 1518 de
739 1477 793 1532 ipsis
802 1479 823 1518 eb
833 1476 904 1531 pabria
910 1476 1013 1518 universa

144 1559 230 1601 semper
239 1549 263 1607 ei
273 1546 355 1601 ubique
364 1545 420 1588 bene
431 1545 523 1587 marnas
534 1546 608 1588 suerii.

189 1617 275 1659 Deinde
285 1618 408 1660 Dominum
418 1615 563 1659 Edmundum
575 1617 712 1672 Dunganum
723 1617 778 1660 ilem
793 1617 815 1659 in
827 1616 943 1660 Provincia
959 1617 1014 1658 Ard-

143 1688 250 1730 machana
260 1688 361 1731 honestis
377 1692 399 1730 eb
415 1687 534 1731 Oaihclicis
549 1690 679 1743 parentibus
693 1692 778 1741 nalum,
791 1688 865 1739 avita,
878 1688 978 1731 moribus
994 1691 1016 1730 ei

144 1759 242 1801 doctrina
258 1758 516 1801 benecommendaium.
548 1759 630 1802 Doclor
647 1763 681 1802 esi
698 1759 777 1801 Sacrae
789 1758 923 1815 Theologiae
934 1759 1017 1815 aliquoi

142 1831 189 1885 jam
200 1830 264 1872 annis
275 1831 299 1872 in
310 1830 398 1872 ibernia
409 1831 485 1873 vineae
494 1830 585 1873 Domini
596 1831 667 1874 cuilor
678 1834 699 1873 eb
710 1843 770 1874 nunc
778 1830 892 1874 Dioecesis
902 1830 1017 1873 Dunensis

145 1904 167 1941 ei
189 1899 354 1951 Oonrelhensis,
377 1915 432 1957 qrrae
453 1899 620 1943 Ardmaclranae
642 1900 718 1943 subest
739 1901 863 1956 Metropoli,
883 1901 1015 1956 Episcopus,

144 1971 189 2013 Hic
199 1984 286 2027 quoque
296 1986 309 2013 a
320 1971 391 2022 Olero,
402 1971 483 2027 populo
494 1975 515 2013 ei
531 1971 649 2014 Nobilibus
661 1975 755 2013 amatur.

190 2041 287 2083 Demum
302 2042 424 2083 Dominum
440 2041 560 2096 Hugcnenr
578 2041 708 2096 O'Reylyin
719 2042 833 2084 Provincia
844 2041 1014 2084 0111111111ωο-

145 2111 214 2154 chana
224 2110 361 2166 Episcopum
371 2111 536 2153 Kilrnorensem
552 2111 664 2153 nobilibus
680 2110 800 2153 admodum
811 2111 923 2153 natalibus
938 2112 1014 2153 oriun-

145 2182 206 2232 dum,
228 2185 250 2223 ei
268 2182 292 2222 in
309 2181 400 2230 Ulionia
421 2183 445 2224 in
469 2195 511 2236 qua
539 2181 693 2223 Ardmachana
711 2181 778 2224 Sedes
803 2182 845 2223 siba
861 2185 902 2232 esi,
921 2182 948 2224 ob
965 2196 1015 2224 con-

146 2252 318 2309 sanguiniiabem
346 2266 397 2293 eum
421 2252 563 2308 Magnaiibus
587 2253 712 2307 praecipuis
735 2253 797 2295 valde
824 2258 920 2309 graium.
949 2254 1016 2296 Porro

146 2327 254 2380 quanlurn
265 2322 383 2366 desiderari
394 2323 470 2365 debeai
478 2324 501 2364 in
510 2323 591 2378 aliquo,
602 2324 640 2379 qui
647 2323 760 2366 Ecclesiae
768 2324 815 2379 jam
826 2325 850 2366 in
859 2325 948 2367 ibernia
956 2339 1016 2380 prae-

145 2396 237 2446 ficiaiun
250 2394 309 2450 quod
319 2408 331 2435 a
341 2394 462 2446 Dioecesis
474 2394 509 2436 cui
519 2394 645 2450 praeficitur
661 2395 743 2449 populo
755 2399 847 2447 anreiur,
859 2410 904 2438 non
915 2396 1017 2451 ignoraui

145 2467 279 2521 quicumque
289 2478 363 2506 rerum
374 2465 523 2507 ibernicarum
536 2467 620 2506 siaium
636 2464 725 2519 panibus
736 2468 828 2508 novunl.
851 2464 884 2507 Ei
895 2469 920 2506 ub
931 2465 1015 2507 11111100.

145 2535 173 2578 V.
184 2535 212 2577 D.
225 2535 370 2590 aliquousque
381 2539 462 2591 pateat,
474 2535 509 2577 lric
519 2548 588 2590 panea
600 2533 722 2589 subjiciam.

190 2606 302 2662 reprimo
313 2605 403 2662 quidem
414 2606 473 2659 alibi,
486 2620 551 2662 quani
561 2606 585 2647 in
596 2605 645 2661 ipsa
659 2604 762 2648 Dioecesi
777 2605 811 2647 vel
820 2606 899 2648 vicinis
909 2604 1014 2661 pariibus,

145 2676 216 2731 iisque
236 2677 309 2732 magis
330 2677 414 2728 amicis,
425 2676 513 2719 oriundi
532 2676 608 2718 minus
624 2676 682 2731 graii
701 2676 782 2732 populo
804 2689 889 2732 semper
909 2676 1014 2716 exisiuni.

145 2745 209 2796 Quod
219 2747 319 2802 quamvis
329 2746 426 2789 bollerari
441 2751 515 2802 posseb
530 2748 554 2789 in
570 2747 643 2802 aliqua
658 2747 760 2789 Dioeeesi
770 2746 794 2788 in
803 2760 845 2802 qua
854 2744 1016 2788 Ecclesiasticis

144 2815 284 2869 provenirent
299 2816 455 2859 beneficiorum
465 2817 556 2868 reditus,
568 2821 643 2859 lamen
659 2817 682 2859 in
698 2817 840 2860 Dioecesibus
855 2815 955 2858 iberniae
971 2828 1016 2857 non

144 2889 218 2941 poiesl
228 2886 275 2928 sine
286 2888 423 2943 gravissimis
433 2888 578 2932 incommodis
588 2889 692 2932 tollerari.
725 2889 783 2931 Nam
794 2901 844 2929 curn
854 2886 885 2928 ibi
896 2885 942 2928 sola
949 2884 1015 2928 bene·

146 2955 278 2999 volentiaei
294 2957 408 3001 devotione
424 2959 523 3002 fidelium
541 2959 628 3003 alantur
646 2957 803 3002 Ecclesiaslici.
836 2955 924 2999 Fideles
942 2961 1016 3000 autem
