2416 3337
466 189 611 219 srrcmnsrnn
627 189 771 224 ossonrnnsn.
1007 181 1052 223 243

222 338 265 380 12¹n
289 337 372 379 Utrum
387 335 411 376 in
428 333 463 375 die
476 334 557 389 jejunii
573 338 642 386 extra,
660 337 698 376 aut
707 335 765 376 infra
777 334 968 390 quadragesimam
976 338 1050 392 jejun-

177 409 231 460 anti,
243 421 289 449 non
299 406 391 448 habenti
402 404 462 447 aliud
474 419 546 461 genus
557 409 631 462 potus,
644 420 711 463 quam
721 406 761 457 lac,
775 409 814 447 aut
822 419 909 462 aquam,
921 411 986 462 prout
997 413 1051 451 sunt

176 476 280 519 nonnulli
288 475 334 532 huj.
343 476 407 532 regni
414 475 462 517 ruri
472 475 586 531 degentes,
598 476 664 519 licoat
679 476 706 519 ad
718 475 839 520 sedandam
850 477 912 520 sitim
923 477 958 520 lac
968 476 1050 530 bibere,

176 551 237 591 extra
248 548 337 591 unicam
347 547 490 591 relectionem
498 547 585 603 jejunii.

204 620 248 662 Idm
272 619 354 662 Utrum
370 620 406 672 iis,
418 617 495 675 quide
507 620 558 675 jure
569 633 582 663 a
590 620 676 676 jejunio
693 623 746 664 sunt
760 620 866 673 excusati,
878 634 920 677 ug.
937 620 1050 677 operariis,

175 691 278 744 infirmis,
291 692 332 744 dcc,
346 692 385 748 qui
392 693 456 748 juxta
471 690 612 747 privilegium
629 691 688 734 llrni.
700 691 758 735 ΒΝ.
771 690 839 734 Olem.
851 691 918 734 VIII.
929 693 944 735 f,
954 707 981 744 a,
994 692 1052 735 sicut

159 799 160 802 ,
175 762 245 805 etalii
256 777 301 806 non
312 762 410 806 excusati
426 762 545 805 lacticiniis
561 776 606 805 una
622 762 741 805 refectione
756 762 815 805 vesci
829 766 933 818 possunt,
945 762 1011 805 liceat
1026 763 1050 804 in

175 835 198 876 2Β
220 839 258 877 aut
270 836 293 877 3Ε
315 835 440 885 refectione,
451 848 517 890 quam
524 835 548 876 in
557 834 606 877 aliis
613 834 668 877 cibis
677 849 764 879 sumere
772 838 871 891 possent,
881 835 916 878 uti
923 834 1049 887 lacticiniis,

175 906 304 961 praesertim
316 907 335 948 si
345 918 452 961 pauperes
464 905 517 957 sint,
530 908 568 947 aut
578 906 643 958 tales,
656 906 736 962 quibus
747 906 836 949 nullum
846 906 907 950 aliud
917 907 961 951 cibi
976 919 1048 963 genus

175 978 261 1030 praeter
271 988 359 1031 panem,
372 977 410 1017 ant
420 974 532 1016 lacticinia
544 979 653 1030 suppetat.

537 1116 592 1159 Eur.
610 1117 659 1160 DD.
676 1130 725 1160 nni.

218 1199 280 1243 Haec
295 1200 389 1256 paucula
399 1199 457 1243 mihi
466 1199 610 1256 proponenda
620 1199 758 1253 videbantur,
772 1213 817 1242 non
834 1198 867 1256 qd.
887 1198 915 1242 ad
929 1214 965 1243 me
976 1200 1049 1244 solum
1079 1198 1081 1203 ’

174 1271 247 1313 omnia
259 1275 389 1327 spectarent,
399 1270 437 1314 sed
443 1271 525 1326 partim
534 1270 562 1313 ad
569 1270 627 1312 hanc
643 1271 723 1326 partim
733 1270 760 1313 ad
766 1269 837 1325 illam,
845 1274 867 1312 et
875 1270 959 1327 partim
966 1271 993 1313 ad
1002 1285 1048 1314 om·

173 1355 213 1385 nes
220 1341 480 1398 liuiusregnidicec³⁵neo
487 1341 523 1398 qd.
531 1342 587 1397 ipse,
596 1342 655 1384 sicut
660 1345 681 1383 et
688 1342 726 1384 alii
734 1341 879 1398 particulares
885 1341 1001 1394 Doctores,
1008 1347 1048 1385 aut

173 1412 241 1464 scioli,
254 1413 293 1468 qui
302 1413 397 1454 nimium
408 1411 435 1454 de
446 1426 486 1455 sua
498 1412 596 1454 doctrina
604 1416 773 1468 praesumentes
779 1426 824 1455 non
833 1417 938 1455 verentur
946 1413 973 1455 de
981 1413 1048 1456 rebus

172 1484 240 1525 etiam
252 1483 424 1526 abstrusissimis
442 1483 569 1539 dijudicare,
587 1486 609 1525 et
626 1483 726 1526 fidelium
737 1484 820 1526 animis
830 1483 935 1539 laqueum
946 1484 1045 1540 injicere,

171 1552 304 1608 respondere
320 1566 365 1595 non
379 1566 475 1609 possem,
488 1552 528 1595 sed
544 1567 587 1595 eor.
597 1552 679 1609 pleraq.
700 1568 746 1596 nro.
759 1554 806 1597 sint
816 1568 883 1609 regno
894 1555 1044 1610 particularia,

172 1623 242 1680 ideoq.
260 1638 272 1666 a
288 1624 386 1667 classicis
403 1624 451 1666 DD.
464 1637 509 1666 non
522 1625 575 1667 satis
587 1624 682 1666 dilucide
693 1627 795 1667 tractata.
826 1625 872 1668 Nec
883 1625 987 1669 erubesco
998 1641 1011 1668 a
1023 1627 1045 1668 S.

173 1694 229 1737 Sede
239 1694 367 1750 Apostolica
384 1695 407 1737 in
424 1694 498 1737 dubiis
509 1694 654 1737 occurrentib.
673 1707 779 1750 responsa
797 1698 879 1750 petere,
892 1708 944 1737 cum
959 1695 1046 1738 videam

171 1779 276 1821 magnam
284 1769 370 1821 partem
380 1765 437 1821 juris
451 1765 552 1808 canonici
560 1779 587 1806 en
598 1764 651 1808 solis
662 1764 738 1821 Epor,
750 1764 866 1821 aliorumq.
879 1764 960 1818 dubiis,
973 1769 995 1808 et
1008 1766 1047 1809 SS.

171 1837 305 1880 Pontificum
314 1837 415 1888 craculis,
429 1837 550 1893 responsis,
563 1840 585 1879 et
596 1836 743 1880 decretalibus
754 1836 837 1880 litteris
847 1840 955 1880 constare.

239 1936 267 1977 D.
280 1937 305 1978 0.
317 1937 347 1979 Μ.
358 1936 459 1979 Eminas.
471 1937 541 1981 Dnes.
553 1937 623 1989 Vnus,
637 1938 674 1980 &a

663 2026 792 2076 Eucnnrus
810 2023 933 2067 Kilrnoren.
944 2025 1015 2081 Epus.

585 2306 632 2348 XO.

200 2423 296 2466 Lnrrna
312 2436 339 2465 or
355 2422 398 2466 Da.
411 2421 524 2472 anrrrnc,
536 2420 685 2464 Ancnnrsrror
696 2434 723 2464 on
739 2421 838 2475 Durani,
851 2433 877 2464 ro
894 2421 935 2465 Fra.
948 2423 1015 2467 Lunn

408 2492 530 2544 Wannruc,
544 2492 571 2534 13
584 2491 728 2545 Snrrnnann,
741 2492 808 2536 1639.

450 2587 510 2628 (Fron
519 2595 556 2618 rrrn
566 2585 594 2618 Sr.
602 2586 697 2619 Ismenus
706 2585 766 2628 MSS.)

172 2666 221 2706 [The
228 2676 282 2699 name
296 2666 374 2700 Thomas
388 2666 493 2706 Barnewall,
502 2664 594 2707 appended
606 2669 626 2698 to
638 2666 670 2698 the
681 2666 740 2705 letter,
749 2668 799 2698 must
810 2667 843 2697 not
851 2664 926 2697 mislead
936 2663 968 2697 the
975 2665 1043 2701 reoder.

215 2723 260 2756 This
267 2733 303 2756 was
315 2723 346 2756 the
355 2723 438 2757 assumed
450 2733 503 2756 name
511 2722 569 2755 under
575 2722 634 2756 which
646 2722 769 2763 Dr.‘Fleming
781 2721 849 2754 carried
858 2731 880 2754 on
893 2721 1045 2762 correspondence

215 2779 259 2811 with
266 2779 296 2812 his
304 2779 377 2813 friends.
401 2779 435 2813 See
445 2780 455 2797 ‘¹'
461 2780 499 2812 The
509 2778 629 2820 Archbishops
638 2779 658 2811 of
662 2778 746 2818 Dnhlin,”
755 2778 795 2819 tta]

171 2881 409 2945 Raraunum-Panna,

214 2951 279 2995 Licet
295 2969 366 3010 nuper
383 2955 410 2999 ad
420 2956 525 2999 Vestram
543 2955 698 2999 Reverentiam
717 2954 853 3007 scripseram,
870 2953 951 2994 11stssssssss
969 2955 1046 2998 'flamen

171 3023 358 3079 opportunitatem
369 3026 446 3069 latoris
458 3027 487 3069 D.
500 3027 585 3078 Fallon,
597 3026 661 3070 nolui
675 3024 775 3067 omittere
786 3021 840 3077 quin
853 3021 949 3066 breviter
960 3024 1046 3082 signifi-
