2416 3337
367 161 510 192 SPIOILEGIUM
526 160 671 191 ossonmusn.

118 331 128 385 ξ
148 330 275 373 ir-Letter
291 335 311 370 to
328 328 439 372 Oerdinol
455 327 927 381 Feruesifromll'orarabtrlloo„1540.

85 442 165 487 Immo.
172 456 198 487 le
206 445 264 488 Erro.
271 444 346 488 D.suo
353 444 382 486 D.
389 443 417 487 A.
425 444 508 487 siam·
516 444 635 496 anrnsro,
646 443 957 486 S.R.E.Vren-Orrennnnaro.

84 564 166 607 Innrrn.
178 576 204 606 ne
215 565 276 607 Itirn.
288 564 347 607 Dra.
591 563 732 616 lisorrnatioe,
745 564 773 606 26
781 563 847 615 Nor„
860 563 927 605 1540.

144 647 220 691 Rmae.
238 646 323 690 Dtioni.
343 646 367 689 V,
388 650 541 690 tumsumma
564 645 698 702 obligatione
715 645 804 699 afficior,
816 650 865 689 tum
876 645 958 689 litteris

84 720 131 762 suis
146 719 242 763 multum
254 719 326 779 debeo,
344 734 399 776 quae
410 720 494 776 priores
509 733 571 763 meas
584 718 630 762 8¹³⁰·
642 719 670 762 D.
687 719 716 762 N.
732 724 821 775 propter
837 718 957 761 utilitatem

82 791 189 845 privatam
199 789 287 846 publice
296 791 432 845 propositam
445 791 586 846 'gratissimas
602 790 672 834 fuisse
684 790 818 846 significant,
831 789 855 831 id
866 788 956 845 quidem

83 862 102 903 si
113 861 140 902 ab
151 862 252 904 omnibus
263 862 326 904 bonis
336 861 482 914 observatum,
492 877 550 905 nuno
561 863 657 905 maxime
666 863 689 905 in
698 861 734 905 bis
746 862 859 905 Ecclesiae
870 864 955 917 pertur-

82 933 215 984 bationibus,
233 932 259 974 ab
276 932 420 988 amplissimis
438 933 586 988 Prineipibus‚
604 933 754 988 Magnetibus,
766 933 873 976 Praelatis
891 932 955 976 valde

82 1003 242 1047 observandum
253 1005 292 1045 est.
307 1003 335 1045 In
346 1002 387 1045 lroe
396 1004 456 1045 enim
466 1004 559 1046 istarum
568 1005 691 1046 novitatum
698 1003 781 1046 bonum
789 1007 892 1046 eventum
903 1016 954 1045 oon-

83 1075 186 1116 stitutum
203 1072 274 1125 video,
287 1075 311 1114 ut
322 1073 475 1127 unusquisque
487 1073 586 1114 animum
603 1087 615 1114 a
630 1073 753 1116 minoribus
770 1073 829 1114 suris
845 1075 867 1114 et
878 1073 954 1126 singu-

81 1145 164 1188 laribus
175 1144 288 1187 affeetibus
299 1144 326 1186 ad
335 1158 371 1187 res
388 1145 463 1195 serias,
476 1148 498 1187 et
513 1145 615 1187 universa
631 1145 700 1187 totius
716 1143 829 1186 Ecclesiae
841 1143 955 1186 commoda

57 1231 58 1236 ¹
80 1218 187 1271 traducat,
199 1222 226 1260 ut
236 1216 309 1272 potius
325 1231 337 1258 a
353 1216 463 1272 capitibus
478 1216 577 1259 membra
593 1216 666 1272 dirigi,
684 1230 750 1272 quam
766 1215 838 1272 capita
848 1215 955 1257 membris

81 1290 186 1332 sustineri
200 1288 323 1332 rideantur.
353 1287 389 1330 Ad
400 1288 423 1331 id
434 1302 475 1344 ego
492 1288 591 1344 singulos
607 1288 714 1339 hortarer,
733 1288 752 1331 si
768 1291 875 1344 quantum
891 1286 954 1329 aelus

80 1366 155 1405 noster
173 1365 280 1419 penetrat,
300 1366 387 1404 tantum
406 1361 513 1405 valiturus
532 1367 597 1406 esset
630 1363 693 1404 lima.
705 1362 733 1414 D.
746 1361 771 1403 V.
793 1361 844 1418 quia
860 1361 954 1404 ferventi

80 1432 127 1475 nelo
145 1432 305 1487 amplissimam
323 1433 476 1474 auctoritatem
492 1432 587 1475 maxime
603 1432 740 1488 profuturam
756 1432 896 1487 conjunctam
913 1430 952 1472 lra-

79 1504 122 1556 bet,
141 1518 192 1547 suae
209 1503 328 1559 sapientiae
350 1507 372 1546 et
396 1507 504 1559 spectatae
520 1503 670 1560 providentiae
686 1504 736 1555 erit,
753 1507 778 1545 ut
791 1505 838 1559 jam
853 1502 950 1546 illustra-

79 1577 139 1618 tione
156 1578 307 1631 snseeptorum
324 1589 363 1631 pro
380 1574 502 1631 Republica
518 1575 599 1618 saihs·
618 1575 718 1618 laborum
738 1575 821 1617 multos
836 1573 949 1626 animarit,

80 1647 111 1689 ita
132 1661 191 1689 nuno
207 1646 308 1702 exemplo
331 1649 353 1687 et
372 1645 522 1689 exhortatione
550 1647 625 1702 plures
641 1647 785 1698 inflammare,
803 1649 825 1687 et
840 1645 952 1689 talentaa

79 1717 127 1761 Deo
144 1725 165 1760 et
180 1721 259 1759 natura
275 1716 317 1759 sibi
332 1717 414 1759 tradita
429 1716 548 1760 uberrimis
563 1718 671 1760 fruetibus
688 1718 800 1773 ampliare.

126 1789 174 1833 Seio
190 1804 227 1832 me
245 1803 300 1845 quae
323 1789 359 1831 hio
375 1792 444 1844 agunt
461 1789 533 1831 Rmae,
546 1790 572 1831 D.
589 1789 616 1830 V.
627 1789 774 1845 praescribere
793 1802 837 1831 non
849 1792 950 1845 oportere

79 1873 129 1901 eum
146 1873 189 1902 non
205 1874 231 1901 ea
246 1863 340 1909 tantum,
359 1858 397 1901 sed
414 1873 469 1915 qnae
488 1859 511 1900 in
527 1861 652 1915 eonjeotura
668 1859 740 1916 posita
756 1862 809 1902 sunt
826 1874 853 1901 ex
868 1858 950 1904 litteris

78 1928 118 1972 Prdi-
135 1932 160 1973 D.
177 1931 298 1974 Feltrensis
314 1935 438 1986 cognoseat.

123 2001 242 2056 Reliquum
258 2004 298 2052 est,
316 2004 340 2043 ut
356 2000 442 2043 Rmam.
459 2001 487 2043 D.
506 2001 531 2042 V.
548 2015 624 2057 rogem
642 2005 752 2057 quatenus
774 2001 950 2044 benevolentiam

79 2070 119 2114 Sml·
136 2077 157 2115 et
173 2086 236 2115 suam
252 2086 302 2127 erga
318 2086 353 2114 me
369 2086 414 2114 non
430 2073 487 2115 meis
503 2073 589 2115 meritis
605 2076 698 2128 partam,
712 2085 846 2123 conservare,
864 2076 885 2114 et
902 2087 948 2115 om-

77 2143 115 2184 nia
130 2142 210 2193 studia,
228 2156 316 2183 omnem
332 2141 426 2201 denique
443 2156 538 2197 operam,
556 2146 578 2184 et
600 2142 730 2196 obsequium
754 2155 766 2183 a
782 2155 818 2184 me
834 2146 948 2197 expectare

77 2214 136 2263 velit,
154 2227 197 2255 non
213 2212 288 2255 fallam
305 2213 430 2268 opinionem
447 2226 515 2255 suam.

122 2284 294 2340 Perseripseram
305 2284 344 2326 has
360 2284 445 2326 litteras
470 2298 519 2326 oum
543 2284 652 2328 (loohleus
668 2286 701 2328 vir
717 2289 775 2327 certe
791 2289 840 2327 tum
856 2286 947 2341 pietate,

76 2359 125 2398 tum
149 2356 247 2399 doctrina
269 2355 387 2411 singularis
404 2356 430 2397 ad
446 2370 483 2398 me
498 2356 565 2408 venit,
583 2355 666 2399 librum
682 2357 710 2399 de
729 2356 866 2400 ordinatione
882 2358 949 2413 Epis-

77 2440 180 2482 eoporum
197 2431 218 2469 et
236 2425 383 2477 sacerdotum,
402 2440 468 2481 quem
484 2425 510 2468 ad
525 2427 613 2469 Rmam.
630 2428 658 2469 D.
674 2428 701 2469 V.
718 2429 790 2480 mitto,
804 2442 852 2470 esse
864 2428 948 2470 editum

76 2511 147 2553 nuper
163 2511 190 2539 ex
205 2497 264 2552 typis
279 2499 397 2552 receptum,
415 2499 560 2539 ostensurus:
578 2496 670 2540 editioni
687 2512 790 2540 eoronam
807 2497 867 2540 dedit
882 2511 947 2554 quae-

76 2567 127 2611 dam
143 2568 256 2625 prophana
272 2571 293 2611 et
310 2568 462 2623 superstitiosa
478 2567 567 2610 illorum
582 2569 754 2624 protestantium
769 2568 863 2624 Religio,
881 2582 947 2624 qrram

75 2639 109 2682 illi
124 2640 148 2682 in
164 2639 292 2682 ordinandis
312 2653 387 2681 eorum
411 2639 601 2681 Praedicatoribus
624 2644 645 2681 et
670 2639 798 2682 saerilieolis
815 2639 945 2691 observant3

74 2710 216 2752 traditionem
239 2709 300 2752 illius
316 2709 406 2751 nefandi
422 2713 444 2751 et
459 2710 525 2751 innati
541 2710 597 2752 ritus
622 2724 649 2752 ex
665 2710 797 2752 Germanico
813 2709 836 2751 in
851 2709 946 2751 latinum

75 2794 199 2823 sermonem
215 2794 303 2824 versum
320 2780 365 2822 gno.
381 2781 409 2822 D.
425 2780 453 2822 N.
471 2780 584 2824 destinati.

120 2851 185 2893 lllitto
202 2851 269 2893 etiam
285 2850 312 2892 ad
327 2850 412 2892 Rmam.
429 2851 457 2892 D.
475 2850 500 2893 V.
517 2851 611 2893 alterum
622 2851 722 2908 ejusdem
738 2865 803 2906 opera
818 2849 858 2891 hoo
869 2863 946 2892 mense

75 2922 181 2964 emissum
192 2922 292 2965 libellum
304 2922 330 2964 de
340 2923 481 2964 veneratione
494 2922 631 2965 Sanctorum.
661 2923 799 2979 Speravimus
810 2920 885 2976 plures
895 2927 945 2964 tum

74 2992 150 3042 latine,
167 2998 215 3035 tuin
227 2994 350 3048 germaniae
362 2995 463 3048 soriptos,
476 3008 555 3049 eosque
572 2995 654 3036 erranti
670 2992 805 3036 redueendae
817 3007 841 3035 ao
857 2994 944 3047 integre
