2416 3337
169 174 212 216 118
450 184 594 216 0001000100
610 185 752 217 0000010000,

165 348 211 377 000
220 336 266 378 0101
272 335 394 380 doctrinam
402 339 490 380 tantum
502 336 651 379 Christianam
660 335 786 379 edocentem
793 335 883 378 omnino
892 336 920 377 12
931 348 1037 392 pagorum

165 406 251 450 incolae
263 422 286 451 se
298 409 429 453 effuderunt.
473 409 623 451 Concionibus
639 407 764 451 tribuantur
782 408 887 464 repetitae
904 408 955 450 140
972 407 1037 449 10010

166 480 324 531 confessiones,
336 495 410 523 rerum
420 479 479 522 mala
490 479 533 521 lide
544 478 683 521 detentarum
693 477 793 534 publicae
805 492 829 519 ac
840 479 935 533 privatae
947 477 1037 520 restitu-

165 550 245 601 tioncs,
259 550 411 606 suspiriorum,
429 551 559 606 ejulatuum,
576 550 758 603 lacrimarumque
773 549 920 604 profusiones,
932 553 995 591 tanta
1011 547 1037 591 ad

166 619 254 661 Sacram
275 619 379 675 Spnaxim
398 620 542 670 concursatio,
563 622 624 661 11011
641 632 727 660 morum
744 619 767 659 in
785 619 867 660 melius
886 619 1036 669 commutatm,

164 693 226 733 tanta
238 691 344 734 sobrietas
356 695 405 746 post
421 695 484 732 tanta
498 690 582 745 passim
593 689 620 731 ad
639 689 740 744 aequales
758 688 852 730 haustus
864 690 990 740 certamina,
1003 694 1036 731 tot

162 773 238 814 preces
248 763 300 815 post
307 763 340 801 101
350 759 498 814 blasphemias
510 773 534 800 ac
546 760 673 814 juramenta
683 772 707 800 10
719 757 837 800 obscoenas
847 759 967 809 cantiones,
975 763 1036 800 tanta

164 828 279 871 concordia
289 831 338 883 post
349 832 382 870 101
398 828 478 878 duclla,
490 832 553 870 tanta
564 827 657 883 denique
670 826 704 882 (ut
719 827 803 883 reliqua
815 841 870 883 quae
886 828 1035 884 uspiam-con-

162 899 263 940 cionibus
278 898 401 940 efficiuntur
417 895 561 953 praeteream)
582 898 711 940 castimonia
726 901 777 954 post
793 901 879 940 tantam
893 898 1035 940 luxuriam·—

161 982 232 1010 unum
242 981 281 1024 pro
292 968 354 1011 mille
364 968 520 1011 testimonium
531 973 585 1022 esto,
598 968 657 1024 quod
665 982 692 1010 er
703 969 806 1010 concione
818 970 883 1011 unica
894 969 920 1011 de
931 969 1035 1011 foeditate

161 1051 185 1080 ac
197 1038 302 1094 gravitate
313 1039 403 1094 peccati,
415 1041 463 1081 0010
476 1038 551 1090 simul,
563 1042 585 1080 et
596 1052 672 1081 omnes
683 1038 728 1081 fere
739 1039 843 1095 conjuges
854 1039 892 1094 qui
911 1039 934 1081 in
945 1039 1033 1093 publico

161 1111 269 1154 adulterio
277 1112 312 1154 rel
320 1111 359 1154 diu
366 1112 401 1154 vel
411 1126 497 1168 semper
505 1113 637 1168 impiissime
645 1113 750 1163 riserant,
761 1116 848 1167 peracta
858 1112 946 1168 publica
957 1114 1032 1167 poeni-

160 1183 238 1234 tentia,
250 1197 331 1240 magna
347 1183 492 1226 admiratione
503 1184 609 1234 omnium,
622 1197 702 1238 magna
718 1183 864 1238 gratulatione
874 1183 1029 1237 plurimorum,

161 1268 240 1310 magno
252 1256 380 1298 testimonio
391 1255 554 1297 misericordiae
566 1254 658 1306 divinae,
671 1257 692 1294 et
703 1253 778 1309 populi
788 1254 855 1295 istius
867 1252 894 1295 ad
905 1253 992 1309 frugem
1005 1254 1033 1305 (si

160 1326 259 1367 existant
275 1326 313 1380 qui
328 1325 379 1367 illos
390 1325 518 1376 sollicitent)
529 1323 689 1380 propensionis,
703 1338 715 1365 a
725 1323 793 1379 pricrd
809 1324 887 1367 vitain
899 1323 964 1365 aliam
975 1338 1032 1366 eam·

160 1395 253 1451 demque
264 1396 411 1451 exemplarem
422 1409 446 1438 se
457 1396 626 1438 transtulerunt.

204 1465 261 1508 Baro
269 1465 366 1521 quidam,
378 1466 464 1508 virente
480 1466 568 1522 propria
578 1480 652 1516 uxore,
665 1466 704 1509 sed
723 1465 827 1508 adulterii
843 1470 951 1521 suspecta,
964 1467 1032 1509 tiliam

156 1533 262 1577 haeretici
278 1536 393 1591 cujusdam
413 1537 460 1592 (qui
478 1536 504 1579 ab
520 1537 562 1579 1110
579 1551 658 1593 genero
675 1550 714 1579 suo
730 1538 877 1593 praedicante,
890 1552 917 1580 ea
933 1538 1032 1580 doctrina

157 1605 253 1648 Lutlreri
263 1610 285 1648 et
297 1607 530 1658 Oonfessicnistarum,
542 1608 628 1650 licitum
644 1608 668 1650 id
684 1622 732 1651 esse
742 1609 800 1664 parti
817 1609 895 1651 saltem
910 1610 1030 1661 innocenti,

159 1677 273 1729 didicerat)
286 1678 328 1720 sibi
338 1678 452 1732 copulavit,
465 1693 492 1720 en
508 1693 551 1734 qua
562 1683 583 1721 et
598 1679 671 1734 proles
688 1680 798 1735 suscepit:
816 1695 896 1736 magno
913 1684 991 1724 conatu
1007 1695 1031 1723 ac

159 1748 238 1790 sudore
249 1748 344 1803 impium
355 1748 396 1791 hoc
404 1749 532 1805 conjugium
541 1750 653 1805 assignata
664 1750 714 1793 dcte
723 1765 765 1807 qua
773 1751 853 1793 mulier
864 1751 956 1794 honeste
963 1753 1030 1795 vitam

158 1819 237 1861 toleret
248 1820 369 1862 rescissum
380 1823 428 1871 est3
446 1821 478 1862 ita
489 1825 513 1863 ut
521 1821 569 1876 jam
579 1835 623 1863 non
635 1822 736 1864 obstante
744 1822 802 1878 apud
813 1823 920 1881 populum
930 1824 1028 1875 infamia,

158 1890 196 1933 ille
207 1891 303 1944 restitui,
314 1891 352 1933 illa
360 1893 442 1948 acquiri
454 1907 478 1935 se
485 1892 587 1936 eeclesiae
597 1893 697 1949 gaudeat.
724 1894 909 1938 Nunerenianrus
917 1895 944 1937 ad
955 1895 1029 1938 haere-

158 1963 214 2005 ticos
224 1967 319 2014 nostros,
332 1966 466 2019 spectatores
482 1966 592 2006 tantarum
604 1963 631 2006 ab
646 1964 675 2006 iis
685 1964 757 2007 indies
773 1965 920 2008 defectionum
936 1969 961 2008 ut
977 1966 1030 2022 quid

157 2038 224 2090 agant
232 2034 337 2077 00001101,
369 2034 419 2077 Duc
429 2035 483 2077 socii
494 2036 621 2078 excursione
630 2050 675 2078 una
683 2036 709 2079 ad
719 2037 815 2093 quinque
824 2037 958 2093 septimanas
968 2051 1029 2093 prae·

156 2108 190 2146 101
201 2104 285 2160 reliqua
294 2118 350 2161 quae
360 2105 532 2160 perstrinximus
543 2106 610 2156 lucra,
620 2119 658 2149 sex
669 2108 746 2150 saltem
757 2108 819 2159 alios,
830 2107 885 2150 duos
893 2123 943 2152 vero
951 2109 1028 2151 minis,

155 2179 201 2218 tros
213 2176 239 2218 ad
255 2175 322 2218 fidem
333 2175 476 2218 reduxerunt.
508 2177 569 2219 Hinc
585 2177 612 2219 de
629 2178 720 2234 reliquis
736 2182 782 2222 toto
801 2193 859 2222 anno
877 2193 917 2235 per
928 2180 982 2222 alios
1002 2180 1028 2223 ab

155 2245 242 2287 haeresi
256 2246 362 2287 traductis
372 2246 466 2301 procliue
478 2251 512 2289 001
522 2248 636 2303 conjicere.
856 2240 859 2242 μ

202 2314 297 2355 Interim
306 2315 330 2355 10
342 2315 438 2370 Oollegio
450 2329 490 2358 suc
501 2317 637 2361 Dublinensi
647 2317 688 2361 hoc
700 2332 764 2369 1000,
774 2318 869 2361 exclusis
878 2318 981 2361 omnibus
990 2321 1028 2375 qui

157 2386 297 2440 impugnent,
309 2385 383 2428 theses
395 2386 420 2428 de
431 2386 544 2430 Romanae
555 2388 655 2431 Eclesiae
663 2388 798 2445 Apostliasia
808 2389 899 2430 fanatici
910 2403 1026 2444 proposue-

158 2459 210 2498 runt
225 2456 324 2497 invitatis
340 2470 437 2511 prorege,
455 2458 589 2510 cancellario,
601 2463 729 2516 caeteroque
748 2458 908 2501 haereticorum
924 2473 989 2515 grege
1000 2462 1027 2504 ad

156 2527 253 2571 nobilem
265 2527 437 2583 disputationem
448 2528 639 2573 cohonestandam.
680 2530 723 2573 Sed
741 2530 822 2572 furoris
834 2529 889 2571 tanti
904 2544 974 2585 poena
985 2533 1026 2575 fuit

155 2598 223 2650 furor,
235 2612 267 2639 ex.
273 2598 397 2652 praecipuis
414 2597 474 2640 enim
485 2612 543 2642 rmus
553 2603 642 2655 repente
654 2600 722 2643 erasit
737 2599 885 2655 phreneticus,
898 2600 936 2655 qui
952 2602 1026 2645 statim

155 2669 315 2713 clamosissime
330 2669 426 2711 multum
443 2669 467 2711 in
481 2684 556 2725 regem
571 2671 742 2727 religionemque
758 2669 884 2721 bacchatus,
899 2674 968 2713 totam
982 2673 1025 2716 dis-

153 2743 293 2798 putationem
304 2740 472 2784 interturbavit:
489 2755 534 2784 non
545 2730 649 2785 eiasmus
661 2741 1024 2800 0101100101111100111001000000-

153 2815 221 2867 dium,
233 2815 279 2857 nisi
295 2812 383 2870 publica
399 2813 545 2856 aucthoritate
556 2813 810 2856 0101100010000111100
821 2813 906 2856 fuisset.
941 2814 1023 2859 Forsan

152 2901 197 2930 000
208 2887 352 2943 injucundius
364 2886 422 2943 quod
440 2886 545 2942 sequitur.

196 2958 301 3001 Paschale
317 2957 396 3001 ultimo
407 2956 569 3000 Waterfcrdiae
579 2970 670 2999 coenam
687 2956 837 3000 Cairinianam
850 2956 897 3012 jam
912 2957 935 3000 in
947 2973 1023 3002 mensa

153 3029 253 3071 minister
270 3033 413 3085 proposuerat
432 3043 498 3085 quam
517 3027 602 3073 volebat
623 3028 754 3072 distribuere
772 3027 835 3070 finita
855 3028 1020 3084 praedicatione.
