2416 3337
446 186 589 216 srrormrcrun
605 187 747 217 ossoamnsn.
990 174 1032 216 165

164 333 240 388 populi
246 332 384 386 indigentiis,
390 331 465 374 bonor.
472 332 617 386 expectationi
625 331 725 381 satisfiet,
732 334 753 373 at
767 331 879 372 occasione
890 331 1033 386 periculorum

163 403 310 458 plurimorum
323 400 409 451 evitata,
421 401 545 457 tranquille,
561 406 586 444 ut
597 400 683 444 credere
693 415 732 456 par
747 404 787 451 est,
799 400 990 443 administrabitur
1000 415 1034 443 res

165 471 234 514 Cathfl·
265 470 296 512 Et
304 471 343 526 qui
351 470 474 514 obruuntur
480 472 546 515 modo
554 471 698 514 multitudine
706 471 800 527 piscium
807 471 830 512 in
838 474 928 526 captura
935 485 1034 513 annuen-

164 545 199 584 tes
208 541 281 593 sociis,
292 543 329 598 qni
338 546 391 585 sunt
399 543 422 584 in
434 542 476 585 alia
486 544 545 595 navi,
555 558 582 586 en
593 558 636 586 eor.
645 546 723 585 mutua
732 557 772 598 opc
779 542 894 594 sublevati,
907 543 1034 585 seinvicem

163 612 187 653 in
200 612 282 654 omnib.
301 627 339 668 pro
357 612 422 656 honr·
440 614 482 656 Dei
500 614 625 656 fiducialius
645 613 786 664 adiuuabunt,
806 616 828 655 et
847 612 905 655 cath.
917 613 990 663 fidem,
1010 627 1034 655 ac

164 683 303 739 disciplinam
310 683 479 727 ecclesiasticam
489 700 540 728 cum
549 687 630 742 majore
638 699 729 741 semper
735 683 859 727 obedientia
868 683 930 726 Sedis
940 683 1034 739 Aposto-

162 754 217 797 licae
227 755 392 811 promovebunt.
413 756 475 808 Quod
486 761 511 799 nt
522 757 614 800 feliciter
623 756 732 807 succedat,
745 756 801 798 VJ,
814 756 886 798 Illms.
897 756 946 798 DD.
958 759 984 798 ut
996 755 1033 798 diu

163 826 256 882 sospites
268 840 316 868 esse
326 826 379 869 velit
390 826 463 869 divina
473 827 605 884 benignitas,
617 841 692 884 preces
703 831 725 869 et
736 830 784 870 rota
795 826 895 878 offerent,

208 897 221 939 9
232 895 297 937 Febr.
310 910 344 938 an.
357 896 423 947 1629,
436 900 463 939 st.
475 902 517 939 vat.

377 1011 476 1062 Tnonras,
486 1011 599 1068 Archieps.
613 1013 725 1055 Oasselen.

375 1082 526 1132 commanus,
539 1082 663 1140 Episcopus
675 1083 802 1138 Oorcagien.
815 1087 838 1124 et
850 1083 957 1126 Cluanen.

374 1152 450 1204 Paron,
459 1152 585 1209 Episcopus
596 1153 729 1195 Limericen.

373 1223 511 1276 Maurusius,
523 1224 644 1267 Imolacen.
655 1224 789 1280 Episcopus.

371 1295 411 1336 Fa.
423 1295 551 1347 Parnasius,
561 1296 687 1352 Episcopus
695 1295 856 1338 Walter-forden.
865 1300 887 1338 et
895 1296 1020 1338 Lismoren.

373 1367 452 1418 Dario,
464 1366 590 1423 Episcopus
601 1367 712 1410 Ossorien.

371 1437 413 1489 Io„
424 1437 549 1493 Episcopus
560 1437 687 1479 Eernensis.

556 1781 630 1823 XLII.

171 1900 266 1942 Larrnn
277 1912 304 1942 or
315 1912 361 1941 rar
372 1900 458 1942 Brsrror
469 1912 496 1942 or
505 1898 652 1940 Waunarcnn
662 1909 707 1939 aur>
717 1897 829 1950 Lrsnoan,
843 1898 856 1940 6
867 1899 933 1951 Junr,
947 1901 1013 1943 1630.

156 2014 287 2058 Isauram
303 2016 370 2057 Ruris.
388 2015 438 2057 DD.
455 2014 505 2056 8,(3.
522 2026 552 2055 on
569 2013 636 2055 Pnor.
649 2013 707 2054 Fron
724 2013 870 2057 Doorissnuis
887 2027 983 2058 amiran
998 2031 1027 2059 ar

477 2085 632 2126 Pmurrssnnrs
648 2084 692 2124 PP.

449 2198 556 2240 Saturnia
571 2210 675 2248 arnano,
688 2198 727 2240 tro.

200 2316 338 2370 Quamquam
353 2314 410 2357 inihi
428 2327 517 2371 prorsus
533 2314 645 2370 integrum
660 2327 706 2356 non
723 2314 752 2356 sit
767 2317 856 2356 tantum
869 2315 984 2367 Senatum,
992 2321 1026 2360 tot

153 2387 228 2430 arduis
249 2385 401 2443 praepeditum
421 2399 483 2441 saepe
501 2385 604 2440 negotiis,
616 2384 778 2440 intempestivis
794 2385 868 2427 forsan
886 2386 1025 2443 interpellare

151 2459 237 2513 litoris;
254 2473 303 2502 mco
319 2463 394 2501 tamen
410 2457 497 2500 muneri
512 2471 558 2500 non
575 2456 708 2499 satisfecisse
724 2470 816 2508 vererer,
830 2457 849 2500 si
864 2457 949 2500 Illmas.
962 2452 1023 2502 Vrsa

150 2532 220 2574 Dnes.
229 2530 255 2573 de
266 2534 326 2573 statu
337 2544 402 2572 mear
414 2529 556 2572 Dioeccsium
567 2528 654 2570 lineolis
665 2527 727 2570 hisce
734 2528 837 2570 certiores
849 2528 918 2571 facere
928 2533 1023 2585 praeter-

149 2603 270 2645 misissem.

195 2673 338 2716 Effiuxerunt
348 2686 427 2715 novem
438 2685 534 2723 menses,
546 2670 646 2726 equibus
654 2673 706 2726 post
712 2670 795 2714 multos
806 2671 888 2713 euictos
899 2670 989 2721 laboras,
1000 2674 1022 2712 ct

143 2745 219 2788 ardua
229 2745 338 2788 declinata
348 2744 445 2801 pericula
455 2743 544 2800 perveni
554 2743 577 2784 in
588 2741 645 2784 banc
656 2738 748 2794 Urbem,
761 2755 816 2798 quac
828 2742 926 2784 Pastoris
943 2741 1020 2783 solatio

150 2820 172 2857 et
182 2816 272 2859 Ecclici¹
279 2817 400 2873 vregiminis
407 2817 476 2859 forma
486 2815 575 2858 viduata
581 2814 688 2856 remansit
695 2817 741 2856 toto
753 2815 780 2855 50
790 2827 898 2855 annorum
910 2812 985 2867 spatio,
999 2817 1021 2854 et

149 2885 259 2941 amplius;
278 2901 302 2929 ac
317 2901 342 2929 eo
358 2887 429 2941 inagis
444 2886 574 2930 effraenatae
592 2885 696 2936 libertati,
709 2883 898 2933 dissolutionibus,
910 2896 933 2924 ac
948 2881 1020 2939 illegi-

148 2956 210 2998 tirnis
227 2957 425 2999 consuetudinibus
446 2960 541 3007 assueta,
560 2956 640 3012 quibus
657 2954 792 2998 eradicandis
813 2952 1028 2996 laboriossissimam

148 3025 204 3069 milri
214 3025 348 3081 prouinciam
361 3017 498 3068 subeundam
508 3026 616 3081 perspexi.
