2416 3337
224 218 269 259 116
512 229 658 261 0110110111
674 230 819 262 0000111101.

222 376 283 418 enim
294 377 394 420 mandati
405 379 449 421 mci
458 382 522 422 tenor
532 378 623 433 ferebat)
637 380 743 437 quosdam
753 380 869 436 primarios
880 380 1036 432 examinarem,
1047 394 1100 436 quo-

222 461 273 490 rum
285 449 344 492 dictu
351 448 379 492 ad
387 449 476 506 singula
483 451 652 507 interrogatoria
660 454 740 510 scripto
750 453 858 504 commisi,
868 455 890 495 01
899 452 951 509 qnia
959 452 1099 508 querelantes

222 519 256 561 illi
267 522 331 575 pauci
342 535 353 563 e
364 525 427 565 tanto
438 522 495 564 clero
506 537 558 565 suas
567 523 594 566 ad
604 538 641 566 me
649 523 725 567 literas
734 527 755 566 ct
764 524 858 567 nuncios
866 524 976 567 instanter
983 523 1098 580 urgebant,

223 593 249 631 111
266 591 376 647 reliquum
396 606 487 634 examen
505 593 582 635 confici
599 607 707 644 0111110111,
726 597 809 649 quanta
827 594 875 636 fieri
890 597 967 649 posset
981 595 1098 645 celeritate,

221 674 298 703 00111111
310 661 432 712 desideriis,
451 665 472 703 et
488 663 683 705 commoditatibus
700 664 801 705 omnium
816 664 935 707 obsecutus
946 666 1059 721 assumpsi
1075 666 1098 707 in

219 735 305 786 partem
327 732 399 774 oneris
416 732 488 773 uirum
505 745 600 786 gravem,
620 731 761 786 prudentem,
780 733 901 783 eruditum,
924 733 945 775 S.
965 733 1098 789 Theologiae

218 800 336 844 Dcctorem
343 802 370 842 D.
379 801 412 844 Ic.
423 801 543 842 Oreuaeum
551 801 742 844 Vtc.-aenenuem
751 802 835 844 vicinae
846 802 954 845 dioecesis
964 802 1097 846 Limericen.

218 884 273 925 quae
284 870 421 913 contermina
432 873 466 912 est
478 869 572 912 dioecesi
582 870 681 913 Laonen.
694 872 767 927 (cnjus
778 871 902 927 amplitudo
909 872 992 914 multas
1000 873 1098 916 continet

217 938 309 992 diaetas)
327 953 367 982 nec
384 954 411 982 ex
428 940 476 995 ejus
494 940 627 991 meditullio,
645 941 792 984 multominus
809 955 836 983 ex
850 941 939 984 ultimis
955 942 1003 997 ejus
1015 942 1097 986 tinibus

216 1012 300 1052 0100111
315 1014 417 1067 poterant
433 1011 575 1053 examinandi
596 1012 658 1068 absq.
682 1012 785 1068 strepitu,
802 1016 825 1054 01
840 1016 933 1068 sumptu
950 1013 1018 1068 graui,
1035 1026 1097 1069 prae-

216 1082 293 1124 sertim
303 1082 508 1125 incommodissime
519 1086 626 1138 tempore,
636 1083 724 1139 quando
735 1083 837 1125 Pro-Rex
846 1083 915 1139 hujus
924 1084 1095 1140 Regniadorna·

215 1152 253 1195 bat
263 1153 306 1195 iter
317 1167 367 1195 cum
376 1153 447 1196 multo
455 1154 563 1196 comitatu
571 1154 655 1196 adillcs
666 1159 748 1209 partes,
757 1154 842 1209 judicic
853 1155 933 1210 Regni,
944 1155 1094 1210 subjiciendas

215 1224 277 1279 regio
291 1224 352 1275 fisco,
364 1224 423 1279 qnod
439 1224 506 1265 etiem
522 1238 574 1266 mox
587 1225 671 1266 factum
688 1229 727 1267 001.
759 1224 826 1280 Elegi
841 1225 965 1279 praefatum
975 1223 1094 1268 Doctorem

213 1308 266 1349 prae
277 1295 334 1345 aliis,
349 1297 406 1336 teste
423 1295 470 1336 Deo
487 1298 508 1336 et
525 1295 661 1337 conscientia
677 1307 733 1345 mea,
746 1294 797 1349 quia
816 1295 907 1348 cognovi
924 1295 1094 1349 spectatissimis

213 1365 357 1415 testimoniis,
384 1366 458 1420 ipsum
484 1366 557 1407 11111111
590 1365 693 1420 probum,
716 1365 847 1420 sapientem,
876 1366 937 1406 omni
963 1366 1092 1420 exceptione

212 1436 324 1491 majorem,
337 1439 358 1478 01
369 1435 396 1478 ab
407 1435 469 1478 omni
479 1436 577 1490 partium
592 1435 667 1478 studio
684 1435 789 1488 alienum,
802 1439 824 1478 et
834 1436 906 1491 magis
917 1436 945 1479 ad
954 1436 1015 1492 pacis
1026 1440 1092 1491 artes,

212 1521 278 1563 quam
294 1507 322 1550 ad
343 1508 495 1550 contentiones
513 1521 658 1563 propensum.
690 1507 743 1564 lpse
762 1511 842 1550 usust
858 1521 924 1563 opere
939 1508 1008 1550 talem
1023 1509 1092 1552 fuisse

211 1579 353 1635 deprehendi,
371 1583 400 1630 et,
411 1580 436 1621 ni
450 1592 490 1634 ego
501 1579 571 1631 fallor,
582 1578 707 1621 luculenter
715 1578 739 1620 id
748 1578 868 1633 apparebit,
876 1579 1009 1634 cuicumque
1017 1579 1092 1635 ipsius

210 1649 345 1692 industriam
366 1652 389 1691 et
409 1649 558 1705 prudentiam,
576 1653 598 1691 et
616 1648 740 1691 indefessos
758 1648 843 1691 labores
861 1649 886 1690 in
905 1650 1046 1705 capessendo,
1068 1654 1090 1693 et

210 1719 363 1775 prosequendo
380 1719 481 1762 examine
497 1733 580 1769 eorum,
598 1720 638 1775 qui
653 1719 820 1775 longinquiores
835 1723 905 1772 erant,
923 1724 945 1762 et
960 1722 1089 1765 remotiores

212 1791 239 1833 ab
255 1791 325 1842 aditu,
342 1790 376 1832 vel
392 1791 463 1833 accitu
478 1794 561 1832 nostro.
592 1790 627 1833 Ne
644 1789 696 1846 quid
712 1794 787 1832 tamen
804 1803 866 1833 secus
882 1790 952 1843 fieret,
965 1805 1031 1847 quam
1048 1806 1088 1848 ego

211 1863 347 1917 expectaris
363 1863 438 1917 probo,
451 1866 473 1903 et
489 1861 596 1917 prudente
612 1861 769 1911 examinatore,
782 1861 869 1916 qualem
885 1875 921 1904 me
937 1863 1086 1919 assumpsisse

211 1933 302 1985 credidi,
320 1938 342 1976 01
360 1933 387 1975 de
403 1934 459 1975 facto
477 1933 580 1988 comperi,
598 1932 691 1974 tertium
705 1933 747 1974 iter
763 1932 811 1987 ipsc
830 1946 869 1988 ego
886 1936 984 1989 utcumq·
1003 1934 1087 1977 viribus

210 2007 295 2054 auctus,
303 2003 338 2046 rel
348 2004 491 2046 confirmatus
498 2003 540 2044 hoc
549 2015 625 2044 mense
635 2002 694 2057 Sept.
704 2002 797 2057 suscepi,
806 2002 872 2058 idque
881 2001 966 2046 duobus
975 2004 1087 2058 prioribus

208 2075 298 2129 longius
317 2078 339 2117 01
354 2073 486 2117 laboriosius
503 2073 593 2123 confeci,
611 2087 656 2115 non
673 2072 716 2116 alio
730 2073 801 2129 magis
818 2075 869 2125 fine,
887 2088 954 2130 quam
971 2078 997 2116 ut
1013 2089 1087 2118 coram

206 2146 307 2201 partibus
323 2159 477 2201 cognoscerem
493 2144 520 2187 de
538 2144 597 2187 exitu
614 2144 731 2196 examinis,
743 2148 833 2200 paratus
848 2159 1012 2201 recognoscere,
1025 2146 1085 2202 quod

207 2219 292 2258 rectum
303 2219 357 2266 erat,
369 2218 391 2258 et
402 2214 495 2257 insimul
506 2214 662 2257 satisfaciendo
670 2215 786 2270 corrigere,
795 2215 814 2257 si
826 2214 879 2270 quid
886 2218 982 2257 erratum
990 2215 1049 2259 esset
1057 2217 1082 2259 in

206 2301 310 2343 processu
321 2286 497 2329 examinationis.
530 2286 636 2329 Errorem
646 2286 670 2327 in
682 2285 807 2328 substantia
815 2285 902 2328 nullum
911 2286 994 2338 inveni,
1004 2288 1084 2330 seriem

207 2357 276 2399 totius
286 2358 378 2399 notitiae
390 2361 464 2412 captae
475 2356 591 2408 elaborari,
601 2359 623 2398 et
634 2357 659 2398 in
670 2357 778 2412 scriptum
789 2355 900 2398 redactam
909 2355 984 2399 habeo.
1018 2357 1084 2399 Unus

207 2430 297 2469 tantum
308 2429 345 2468 aut
356 2425 410 2468 alter
426 2430 526 2482 superest
542 2427 565 2468 in
581 2426 678 2469 maxime
694 2427 773 2469 dissita
783 2426 844 2468 illius
862 2425 969 2468 dioecesis
984 2425 1084 2470 Lanuen,

207 2497 305 2548 latebra;
323 2500 345 2538 01
361 2496 415 2539 dum
428 2498 467 2539 isti
478 2500 617 2554 quaerentur,
630 2501 655 2540 ut
666 2497 771 2540 accedant
787 2510 876 2538 omnem
893 2509 981 2551 operam
996 2509 1036 2551 per
1048 2511 1083 2541 rne

206 2582 272 2625 pono,
281 2582 305 2611 ac
315 2582 354 2624 per
360 2567 415 2610 alios
423 2568 525 2623 pacificos
534 2572 691 2623 cooperatores,
702 2571 724 2610 01
731 2566 859 2609 concordiae
866 2566 966 2621 publicae
973 2566 1081 2611 zelatores

205 2638 318 2695 impendo,
331 2642 356 2679 nt
365 2651 443 2692 pacem
453 2640 475 2678 et
485 2638 614 2680 charitatem
625 2638 786 2688 resarciamus3
804 2650 832 2677 110
848 2635 916 2690 capiti
927 2635 1027 2678 membra
1038 2637 1082 2680 dis·

206 2710 326 2759 socientur,
337 2722 366 2750 ne
382 2705 500 2762 disciplina
515 2710 586 2757 nutet,
604 2721 633 2749 ne
648 2705 771 2749 authoritas
787 2703 923 2755 collabescat,
937 2718 964 2746 ne
981 2706 1081 2761 querelae

204 2781 283 2822 inanes
295 2780 442 2828 succrescant,
454 2790 483 2817 110
495 2776 514 2818 01
525 2790 579 2832 quac
589 2790 659 2828 verae,
672 2777 776 2818 maneant
787 2774 927 2826 incorrectae,
939 2788 967 2816 ne
979 2776 1081 2819 scandala

203 2850 338 2900 nutriantur,
344 2862 373 2890 ne
380 2846 546 2890 adversantium
554 2845 617 2888 nobis
624 2846 648 2887 in
655 2845 699 2887 fide
706 2844 889 2887 subsannationes
897 2844 1079 2901 multiplicentur.

248 2920 280 2962 Et
292 2920 342 2976 quia
358 2918 427 2975 hujus
437 2916 624 2960 reconciliationis
640 2915 749 2958 ineundae
760 2914 804 2957 tela
815 2915 946 2967 subtexitur,
959 2919 981 2959 01
997 2918 1080 2974 sperati

204 2994 296 3035 euentus
312 2989 394 3033 indicia
410 2989 528 3039 collucent,
541 2988 646 3043 quoniam
657 2986 684 3029 de
700 2987 750 3043 Epi.
766 2986 863 3030 Laonen.
875 2987 1001 3031 innocentia
1012 3003 1079 3045 quae·

204 3064 272 3105 situm
283 3065 324 3114 est,
336 3062 359 3104 in
370 3061 409 3104 illa
419 3061 561 3105 exactionum
572 3074 638 3104 causa
652 3058 789 3110 excutienda,
802 3073 855 3116 quae
866 3061 1008 3115 potissimum
1019 3075 1079 3104 00111-
