2416 3337
498 203 643 235 emortuarum
659 203 802 236 OSSORIENSE.

212 282 449 290 ——-—-———-·—-—.

588 389 703 434 CXXXII.

212 473 309 517 Lurrua
339 489 366 518 or
395 476 454 519 Poru
486 477 600 522 quoourrr
631 492 676 522 rua
705 480 785 524 Tnurn
813 493 841 523 ro
872 492 918 523 rur
944 479 1026 522 Maron
1052 490 1079 520 or

422 547 546 599 Lruuarou,
566 550 627 592 l9ru
648 563 675 592 or
690 550 782 601 hirson,
803 551 868 593 1646.

401 633 404 638 ’
482 633 542 674 (From
554 642 590 665 urm
608 634 636 667 Su
650 634 741 666 Ismenu's
756 634 816 674 MSS.)

300 707 441 749 Innocentius
451 708 517 761 Papa
527 708 556 750 X.
567 709 715 764 diupistrctui
726 709 829 752 Civitatis
840 709 1002 752 Lirncriccusis.

254 794 334 836 Dilecti
364 795 422 847 Filii,
456 795 554 838 Salutem
582 800 603 839 et
635 797 786 853 Apostolicum
815 797 1004 841 Benedictionem.
1033 796 1078 839 Diu

210 864 327 920 promerita
339 865 479 908 Pontificiam
489 866 671 911 Benevolentiam
686 868 766 912 Vestra
777 869 853 913 civitas
864 883 914 912 eam
929 883 988 911 nunc
1004 868 1076 925 ipsam

208 934 286 978 multis
299 935 330 978 ibi
344 936 434 980 uberius
449 937 538 981 adauxit
548 939 618 982 animi
632 940 764 983 Inductione
776 954 827 983 sane
843 939 949 983 laudabili
965 953 1007 995 qua
1025 953 1077 982 cum

208 1020 310 1062 supremo
320 1006 394 1065 Regni
411 1009 476 1052 istius
492 1009 612 1053 Hiberniae
625 1011 722 1055 Consilio
738 1011 861 1055 consentire
875 1010 933 1054 ultro
952 1010 1074 1063 constituit,

207 1082 229 1120 et
241 1092 307 1134 quam
317 1084 383 1123 antea
393 1081 571 1125 deliberationem
581 1083 662 1125 inierat
672 1084 730 1125 iuter
741 1083 881 1126 adversantes
893 1086 915 1125 et
923 1081 1074 1137 depugnantes

208 1149 281 1205 Regni
295 1150 373 1194 Partes
389 1155 488 1194 neutram
507 1158 582 1196 contra
601 1154 693 1196 alteram
706 1155 783 1210 juvare
798 1154 888 1209 penitus
905 1152 1017 1207 abjecisse.
1048 1152 1075 1194 ld

208 1222 268 1264 enim
288 1236 337 1265 vero
355 1222 473 1266 Catholicis
483 1222 575 1279 dignum
585 1224 698 1267 mentibus
717 1238 772 1280 opus
788 1228 887 1267 nostram
906 1223 949 1266 sibi
965 1237 1074 1265 commen-

206 1291 318 1333 dationem
325 1293 377 1348 jure
387 1293 483 1342 accersit,
496 1308 561 1349 quam
572 1293 634 1337 robis
645 1294 710 1336 hilari
721 1294 757 1337 his
767 1293 848 1336 litteris
864 1293 992 1345 deferimus,
1010 1292 1074 1335 enixe

204 1363 286 1418 pariter
301 1363 423 1417 hortantes,
440 1369 466 1407 ut
484 1365 583 1408 Mentem
600 1366 667 1408 istam
678 1380 703 1408 ea
719 1378 762 1423 qua
772 1369 857 1408 vestrae
872 1364 961 1407 uirtutis
977 1367 1012 1407 est
1022 1378 1073 1406 cou-

204 1435 287 1476 stantia
302 1439 407 1491 perpetuo
426 1437 532 1489 servetis3
557 1437 656 1479 futuram
677 1451 756 1493 nempe
772 1437 833 1478 illam
855 1435 1002 1491 omnipotenti
1023 1435 1072 1478 Deo

202 1504 269 1561 longe
276 1507 432 1562 gratissimam,
443 1507 568 1550 Catholicae
576 1507 688 1564 Religioni
698 1508 798 1564 impense
807 1510 959 1563 opportunam,
967 1505 1073 1562 vobisque

203 1576 323 1619 universim
334 1591 359 1619 ac
370 1577 445 1633 Regno
457 1578 501 1633 ipsi
518 1579 614 1620 maxime
626 1578 751 1621 salutarem.
781 1578 828 1620 Nos
844 1577 897 1619 adeo
911 1577 993 1619 intenti
1008 1576 1073 1633 plane

201 1645 226 1687 in
241 1650 336 1689 uestram
353 1647 448 1690 salutem
464 1651 486 1690 et
501 1649 642 1691 securitatem
658 1649 738 1700 animo,
759 1651 849 1704 paterno
870 1661 908 1690 vos
925 1646 997 1689 studio
1014 1660 1072 1689 com-

202 1717 319 1773 plectimur
331 1721 397 1773 atque
407 1718 555 1774 Apostolicam
565 1719 747 1762 Renedictionem
757 1721 896 1775 peramanter
906 1718 1051 1773 impertimur.

249 1786 333 1830 Datum
350 1788 432 1831 Romae
448 1790 506 1846 apud
523 1789 545 1831 S.
566 1790 660 1833 Petrum
675 1783 721 1832 Sub
735 1789 817 1832 annulo
833 1789 960 1841 Piscatoris,
974 1788 1016 1831 Die
1034 1789 1072 1832 190

203 1858 286 1912 Martii,
299 1859 364 1902 1646.
396 1861 541 1905 Pontificatus
551 1861 628 1905 Nostri
639 1875 696 1904 anno
708 1861 736 1903 20'

738 1944 827 1986 Cusum
842 1956 872 1986 nu
890 1942 1036 1985 Smuouruus.

571 2223 698 2267 CXXXIII.

279 2312 376 2354 Lurrna
391 2325 417 2354 or
433 2312 459 2355 F.
476 2312 576 2356 Euwrun
594 2311 677 2365 Cusas,
695 2311 751 2363 Sd„
769 2312 813 2355 tun
830 2311 901 2362 Juun,
919 2308 985 2352 1646.

442 2398 503 2441 OEaon
515 2408 552 2431 run
563 2399 630 2432 tusum
641 2398 740 2438 Anouwrs,
752 2398 819 2439 Romu.)

244 2472 338 2529 Negotia
372 2473 433 2528 regni
464 2475 509 2530 jam
542 2480 594 2518 sunt
626 2474 824 2531 perturbatissima,
857 2471 967 2516 militibus
998 2471 1064 2527 plena

197 2545 286 2597 omnia5
303 2543 362 2587 uude
373 2544 470 2587 timenda
480 2547 556 2598 fames,
569 2562 668 2591 annonae
679 2562 704 2590 ae
714 2547 844 2590 victualium
858 2548 962 2589 secutura
974 2543 1062 2586 caritas.

196 2617 298 2674 Nuper-ae
314 2617 376 2673 pacis
388 2631 400 2659 a
411 2616 474 2659 Clero
485 2622 507 2660 et
518 2618 638 2662 Catholicis
655 2618 785 2676 repudiatio,
797 2617 849 2660 iude
864 2615 944 2672 prioris
956 2614 1063 2657 Gubernii

196 2688 319 2740 dissolutio,
342 2703 369 2732 ex
389 2688 430 2731 hac
450 2688 539 2731 libertas
559 2694 608 2733 orta
627 2695 649 2734 et
669 2691 799 2747 impunitas,
819 2689 871 2732 hinc
889 2686 973 2730 malum
989 2700 1062 2729 omne.

196 2760 290 2803 Interim
301 2760 429 2804 Catholicus
441 2753 550 2803 exercitus
559 2761 630 2804 multa
639 2762 686 2805 loca
697 2765 718 2803 et
729 2764 800 2804 castra
808 2760 895 2816 recepit,
908 2762 930 2802 et
941 2771 1061 2815 speramus,

195 2830 243 2874 Deo
254 2831 310 2874 bono
320 2832 422 2888 propitio,
434 2832 480 2874 fore
497 2834 521 2873 ut
537 2830 636 2874 Ecclesia
651 2831 700 2884 Dei,
717 2832 793 2875 inritis
809 2830 968 2874 haereticorum
980 2832 1001 2872 et
1011 2829 1060 2872 dae-

195 2917 287 2946 monum
303 2903 512 2956 machinationibus,
525 2901 636 2958 splendori
647 2916 686 2946 suo
697 2905 762 2960 atque
775 2903 859 2957 honori,
872 2903 942 2946 serius
953 2903 1013 2945 ocius
1024 2902 1061 2944 hio

195 2974 224 3016 sit
235 2974 377 3017 restituenda.

240 3045 372 3099 Wateriord,
385 3048 398 3090 2
409 3047 479 3099 iunii,
493 3045 557 3100 1646,
569 3044 620 3101 styl.
632 3049 672 3090 ret
