2416 3337
424 176 568 207 srrcrnnerurr
585 175 727 205 ossoarunsn.
968 161 1010 205 271

145 338 256 367 armorum
267 323 401 376 naviumque
412 320 492 375 quibus
504 318 647 361 destituimur
658 317 800 359 subveniatur
808 317 832 358 in
842 318 942 371 proximo
953 331 1011 371 pror·

145 409 183 438 sus
194 383 263 451 gradu
272 395 305 435 est
315 390 428 447 periundi;
438 394 460 433 et
470 389 570 432 Romana
578 393 600 431 et
611 388 667 431 avita
677 391 751 430 nostra
758 386 852 443 Religio,
863 387 1012 430 Ecclesiastici

144 467 188 508 imo
196 469 217 506 et
225 463 334 507 Catholici
342 462 432 518 penisus
440 475 516 505 omnes
524 460 626 516 extingui
633 463 655 502 et
662 460 772 515 extirpari.
804 458 883 515 Itaque
891 458 909 501 si
919 458 1011 501 samus.

144 537 210 579 Pater
220 535 274 577 velit
288 533 394 590 Cymbam
405 533 437 576 ibi
447 533 562 590 piscatoris
575 531 635 574 Sacri
647 532 727 574 faustis
737 531 840 587 navigare
851 530 904 573 velis
916 533 938 573 et
949 529 1013 574 nobis

144 608 167 649 in
172 610 269 650 extremo
273 606 369 649 nondioo
374 605 489 662 temporali
496 604 535 648 sed
543 603 652 660 spirituali
659 602 755 660 periculo
762 602 917 653 laborantibus,
923 603 1012 654 adesse;

145 678 165 720 si
175 677 288 733 Principes
300 676 421 720 Orthodoxi
436 675 494 719 cordi
510 675 607 718 habeant
621 672 687 717 fidem
703 673 734 717 ibi
748 673 787 716 Xti
804 674 932 725 conservari,
945 688 1012 725 nunc,

144 762 209 799 nunc,
228 753 267 791 aut
280 761 401 804 numquam
414 747 496 804 junctis
513 746 596 789 ruribus
615 749 723 788 conentur
738 746 870 801 tempestive
887 746 1011 788 remedium

144 819 253 875 applicari,
263 818 419 875 propemodum
428 818 486 860 enim
497 821 531 860 est
543 817 606 859 aliter
618 820 642 858 ut
652 816 795 859 fundamenta
803 817 878 860 omnia
887 816 952 861 Sacra
966 821 1011 860 tam

144 887 248 931 diuturno
259 892 355 943 tempore
366 888 437 942 posita
448 890 514 929 ruant
523 900 614 942 prorsus
625 890 647 930 et
657 886 765 930 labantur.

189 958 287 1011 Parisiis,
300 959 314 1000 8
325 959 339 1000 J
342 958 387 1009 ulii,
401 957 466 999 1642.

534 1252 620 1297 ΟΧΠΙ.

144 1363 238 1405 Lnrrua
254 1374 281 1404 ro
297 1373 342 1404 run
358 1360 493 1403 henaena
512 1372 539 1402 or
561 1372 606 1402 rna
628 1359 764 1412 Carnorum,
782 1360 843 1403 12rrr
858 1361 925 1414 ι11111,
943 1363 1009 1406 1642.

145 1457 206 1500 Rus.
217 1457 300 1506 Parma,

190 1526 372 1583 Quandoquidem
383 1527 449 1583 jussu
465 1526 621 1568 Protestantici
641 1525 722 1573 Status,
735 1526 758 1568 in
777 1525 885 1570 Hibernia
899 1542 944 1571 una
958 1543 1009 1572 cum

143 1600 209 1641 fratre
217 1599 272 1641 laico
280 1598 377 1649 Simone,
389 1599 472 1653 ejectus
482 1596 556 1638 Patria
565 1600 591 1639 ut
602 1600 623 1639 et
634 1596 671 1638 alii
681 1611 725 1639 non
736 1598 800 1652 pauci
810 1597 837 1640 de
849 1598 911 1641 Clerc
922 1601 946 1642 in
958 1600 1009 1644 Gal-

143 1669 185 1712 lias
204 1668 330 1724 deportatus
348 1681 413 1719 sum3
431 1666 494 1709 officii
512 1666 557 1709 mei
574 1666 629 1709 duco
648 1667 729 1710 R.P.V.
740 1667 780 1710 liae
797 1682 862 1724 super
877 1683 900 1711 re
916 1669 1011 1713 breviter

144 1739 270 1782 certificare.
303 1737 392 1781 Octobri
397 1738 496 1794 proxime
507 1737 580 1793 elapso
592 1741 639 1780 tota
646 1737 759 1794 Hybernia
767 1739 949 1783 insurrectionem
960 1741 1012 1785 iecit

144 1812 167 1853 in
183 1811 333 1854 Protestantes
343 1809 456 1866 Anglic0s‚
469 1823 523 1866 quos
534 1823 646 1866 nusquam
662 1824 708 1854 non
719 1811 834 1867 ejiciebant
849 1811 938 1855 sedibus
950 1814 1012 1856 suis:

143 1880 282 1931 Dublinium,
300 1880 429 1936 Metropolis
445 1879 578 1936 Hyberniae,
592 1884 692 1923 statuum
703 1895 728 1923 ao
746 1882 847 1937 Proregis
864 1882 933 1935 sedes,
945 1883 977 1926 ita
988 1897 1011 1927 se

143 1951 252 2008 opposuit,
265 1950 358 2006 receptis
369 1949 467 1992 militum
478 1950 547 2006 copiis
563 1965 590 1993 ex
600 1950 682 2007 Anglia
693 1956 718 1994 ut
734 1956 780 1994 tota
792 1954 839 2008 jam
850 1953 966 1996 Provincia
978 1952 1011 2009 (ut

142 2019 227 2076 uocant)
239 2019 450 2077 Hyberno-Angliea
460 2021 515 2062 eirca
531 2021 656 2062 Dublinum
668 2022 716 2063 sine
728 2020 854 2064 difficultate
870 2022 935 2078 potiti
947 2028 1008 2075 sunt,

142 2093 258 2137 Nobilibus
270 2096 347 2148 sponte
359 2091 469 2134 domicilia
485 2105 524 2133 sua
535 2091 722 2147 dereliquentibus
732 2095 754 2134 et
769 2096 852 2134 remote
863 2107 887 2135 se
897 2095 1008 2137 conferen-

142 2165 217 2216 tibus3
234 2164 261 2207 ob
273 2163 381 2206 defectum
390 2162 463 2206 bellici
474 2166 590 2218 apparatus
602 2176 740 2219 quocumque
750 2166 865 2219 penetrant
871 2162 945 2220 Angli,
956 2166 1008 2222 igne

143 2239 164 2278 et
172 2235 227 2278 ferro
234 2237 312 2277 cuncta
320 2233 441 2284 devastant,
451 2246 494 2274 non
505 2236 621 2288 paroentes
629 2233 663 2276 rel
673 2233 755 2276 teneris
763 2233 1008 2291 infantibuspendenti-

142 2306 184 2349 bus
194 2305 222 2348 ad
237 2304 304 2348 ubera
315 2304 420 2354 Matr-um,
438 2303 563 2346 intentione
584 2303 684 2359 stirpitus
702 2303 826 2347 eradicandi
846 2308 920 2348 totum
938 2319 1009 2362 genus

142 2376 295 2420 Hibernicum.

187 2448 288 2491 Dublinii
298 2447 424 2490 fruebamur
434 2446 480 2489 Nos
492 2446 619 2503 Oappucini,
632 2451 657 2489 ut
668 2451 690 2490 et
701 2446 739 2490 alii
750 2447 862 2504 Religiosi,
872 2449 1010 2495 residentiali

142 2518 207 2562 domo
218 2522 239 2561 et
248 2517 330 2574 capella
340 2518 422 2575 optime
429 2518 505 2560 ornata
515 2518 539 2560 in
547 2518 591 2574 qua
598 2518 686 2574 publice
696 2523 718 2561 et
728 2520 752 2561 in
759 2519 919 2562 habitunostrc
927 2520 1010 2565 Missas

141 2590 238 2646 quotidie
249 2589 419 2640 celebrabamus,
432 2588 470 2632 sed
481 2603 531 2631 cum
550 2588 689 2644 appulissent
705 2589 786 2632 milites
798 2605 825 2632 ex
835 2589 915 2646 Anglia
925 2591 951 2633 ab
962 2591 1009 2634 illis

141 2661 237 2704 feraliter
254 2660 428 2717 irrumpentibus
440 2661 553 2717 profanata
565 2664 618 2703 sunt
637 2661 716 2710 sacella
731 2666 813 2713 nostra
824 2660 908 2704 Altaria
925 2677 1006 2715 eversa,

142 2744 214 2774 sacrae
220 2732 333 2788 Imagines
340 2731 456 2783 diffractae,
466 2731 610 2782 conculcatae,
621 2732 759 2775 combustae:
770 2732 909 2774 Residentiae
917 2736 1005 2775 nostrae

125 2812 127 2814 ·
142 2803 262 2857 expilatae;
281 2803 408 2846 Sacerdotes
423 2817 534 2860 nusquam
544 2817 590 2846 non
604 2803 731 2861 investigati
741 2803 872 2858 tandemque
883 2803 940 2858 capti
950 2808 972 2846 et
983 2805 1006 2848 in

141 2886 236 2915 caroeres
254 2875 347 2930 conjecti
353 2890 360 2926 ,-
383 2888 437 2931 quos
455 2875 512 2917 inter
531 2879 553 2918 et
572 2889 612 2932 ego
631 2876 787 2931 consociasque
805 2887 867 2915 meus
885 2875 1004 2929 praefatus,

141 2943 231 2986 caeteris
239 2942 265 2984 de
276 2945 360 2987 familia
371 2948 446 2988 nostra
455 2949 577 3002 opportune
587 2961 614 2988 ex
622 2945 675 2989 urbe
684 2944 778 3000 dilapsis.
808 2942 902 2985 Interim
912 2949 1007 3000 egotam

141 3019 192 3057 ante
207 3014 374 3058 carcerationem
385 3029 451 3072 quam
462 3017 486 3060 in
501 3017 592 3071 Carcere
600 3022 622 3061 et
632 3018 655 3059 in
672 3015 721 3058 nari
731 3028 769 3070 per
784 3027 821 3058 sex
830 3015 948 3060 continuos
959 3018 1008 3062 dies
