2416 3337
193 230 236 272 102
475 241 620 272 srrernacrun
636 242 778 273 ossoarnnsn.

192 391 267 434 omnia
278 391 395 448 negabant,
407 395 461 434 tuno
473 390 590 434 adversarii
600 391 689 434 illorum
699 391 808 443 dicebant,
827 392 851 434 in
863 391 964 436 domibus
974 391 1062 435 illorum

193 462 284 505 aluntur
294 462 417 506 sacerdotes
428 462 538 505 Catholici
548 467 569 504 et
580 462 670 517 ipsimet
680 463 779 518 papistae
790 467 850 514 sunt,
863 466 885 505 et
894 467 969 505 tamen
981 466 1062 518 negant

192 534 256 589 quasi
265 534 321 577 tales
331 549 376 577 non
388 538 462 577 essent
472 533 569 590 Reginae
579 534 672 584 inimici,
684 548 727 589 quo
736 537 866 588 argumento
877 534 1002 590 cogitabant
1011 534 1062 576 illos

192 605 325 647 confundere
336 605 446 647 haeretiei.
479 604 514 647 Ad
533 605 590 660 quod
608 604 767 659 responderunt
778 618 818 646 nos
830 605 966 659 ejurentute
978 618 1062 660 semper

191 673 310 717 habuimus
321 675 436 717 nobiscum
447 674 572 717 Catholicos
581 673 702 716 sacerdotes
711 686 756 714 non
765 676 839 713 autem
846 672 943 728 Reginae
951 675 1060 717 inimicos,

190 749 213 786 et
225 759 302 787 sumus
320 758 447 799 semperque
459 743 567 786 Catholici
577 744 667 793 fuimus,
688 745 709 783 et
725 742 875 796 aparentibus
885 744 968 785 nostris
979 744 1002 785 in
1018 744 1061 785 fide

191 814 303 856 Oatlrolioa
314 814 399 856 educati
417 813 443 854 ab
462 815 554 855 ineunte
572 815 643 854 aetate
661 815 683 853 et
700 825 739 866 pro
758 811 801 853 fide
814 813 870 854 mori
885 813 955 868 parati
967 826 1060 855 sumus:

189 888 242 925 tunc
268 898 344 926 eorum
370 883 495 925 constantia
527 882 605 925 multis
631 882 702 924 modis
736 882 872 934 tentabatur,
902 887 924 924 at
957 883 1059 939 inprimis

188 954 293 996 haeretici
308 954 353 996 illis
371 953 539 1009 persuadebant,
559 954 617 1009 quod
635 953 724 995 illorum
741 954 916 1008 praedecessores
934 954 1023 997 fuerunt
1035 969 1061 996 611

187 1025 258 1079 prima
268 1025 312 1067 tere
323 1025 446 1079 Anglieana
457 1024 579 1075 nobilitate,
597 1023 696 1079 Regibus
715 1023 891 1067 obedientissimi
907 1028 929 1067 et
946 1028 1060 1080 propterea

188 1095 264 1151 magni
275 1094 333 1150 apud
348 1095 398 1137 illos
413 1094 552 1137 habebantur
563 1097 584 1137 et
595 1094 644 1137 ideo
656 1094 676 1136 si
690 1094 734 1149 ipsi
744 1094 845 1136 uolebant
856 1094 953 1150 Reginae
964 1095 1057 1145 obedire,

185 1165 373 1220 jurejurandoque
384 1179 431 1207 eam
442 1165 555 1207 Ecclesiae
576 1178 624 1207 esse
643 1168 708 1219 caput
727 1165 832 1214 confiteri,
854 1178 898 1206 non
918 1165 991 1206 solum
1006 1166 1057 1214 vita,

189 1238 211 1277 et
221 1235 329 1286 libertate,
342 1236 381 1277 sed
395 1238 416 1277 et
430 1235 508 1276 multis
518 1233 638 1276 honoribus
650 1233 770 1288 opibusque
781 1247 857 1275 eorum
868 1233 971 1287 dignitati
982 1247 1058 1275 conre-

189 1306 303 1347 nientibus
314 1306 444 1355 fruerentur,
457 1305 552 1346 alienare
562 1307 637 1345 autem
648 1318 671 1345 se
682 1318 693 1344 a
704 1307 750 1344 tam
761 1303 830 1345 nobili
840 1303 943 1358 progenie
953 1303 1057 1346 indecens

186 1374 239 1417 erat.
268 1375 310 1417 Cui
320 1374 486 1429 responderunt,
497 1373 568 1429 Reges
578 1372 685 1414 Catholici
696 1374 785 1415 fuerunt
793 1377 846 1415 tuno
853 1374 965 1428 temporis,
978 1373 1058 1429 quibus

184 1444 242 1486 licite
260 1445 332 1487 nostri
349 1448 498 1486 antecessores
517 1442 665 1485 obedientiam
675 1443 823 1499 praestabant.
856 1443 886 1485 At
905 1444 971 1486 modo
982 1448 1057 1487 nostro

184 1515 371 1572 temporeRegina
379 1519 412 1557 est
420 1515 537 1565 haeretica,
547 1514 583 1556 oui
590 1514 651 1556 nullo
659 1518 722 1569 paeto
730 1514 817 1556 obedire
825 1514 875 1556 licet
882 1514 922 1556 neo
929 1515 1058 1570 hujusmodi

182 1586 464 1642 Ι111111116111111111111661116,
484 1599 543 1636 nam,
563 1586 624 1627 solus
636 1584 742 1627 Summus
761 1585 864 1627 Pontifex
881 1590 914 1627 est
932 1586 1058 1642 legitimum

185 1657 298 1699 Ecclesiae
309 1660 381 1712 caput,
394 1658 430 1698 cui
439 1657 464 1697 in
474 1656 540 1698 rebus
551 1656 603 1698 fidei
614 1655 760 1698 obediendum
771 1660 812 1698 est.
845 1656 888 1698 His
899 1656 971 1707 dictis,
983 1656 1057 1699 haere-

185 1727 224 1769 tici
235 1727 267 1768 ira
277 1730 300 1768 et
310 1727 382 1769 imore
392 1726 532 1777 inflammati,
545 1739 582 1768 eos
592 1729 698 1781 tanquam
716 1726 840 1776 traditores,
852 1729 874 1768 ot
885 1726 983 1768 oriminis
998 1727 1057 1769 lesae

187 1797 310 1852 majestatis
329 1811 377 1838 reos
396 1796 423 1837 ad
440 1799 537 1838 mortem
561 1796 767 1848 condemnaverunt,
792 1796 829 1851 qui
847 1796 891 1838 unat
909 1796 936 1837 ad
955 1796 1057 1852 supplicii

187 1867 260 1909 locum
271 1867 422 1909 trahebantur.
457 1866 514 1908 Cum
526 1871 600 1908 autem
611 1867 638 1909 ad
648 1867 772 1923 patibulum
790 1870 919 1922 perventum
930 1871 971 1918 est,
985 1866 1057 1909 David

188 1938 258 1993 major
265 1940 319 1979 natu
328 1936 422 1992 quadam
429 1936 500 1979 carnis
508 1936 620 1979 debilitate
628 1940 709 1988 motus,
718 1937 744 1978 de
751 1937 791 1978 tali
797 1937 880 1992 injusta
887 1937 996 1979 sententia
1005 1951 1056 1980 oon-

187 2011 278 2063 questus
290 2010 330 2057 est,
343 2007 378 2049 oui
388 2005 494 2057 Joannes,
507 2007 554 2061 ejus
562 2006 629 2048 frater
637 2010 690 2049 natu
698 2008 778 2058 minor,
787 2008 824 2058 111,
840 2009 853 2027 “
862 2007 924 2057 Care,
936 2022 991 2058 aare,
1004 2007 1057 2062 quid

186 2078 247 2129 diois!
258 2078 325 2119 frater
331 2080 382 2132 pete
392 2091 405 2119 a
415 2075 463 2119 Deo
474 2078 560 2131 reniam
572 2079 610 2132 qui
620 2078 684 2121 times
696 2079 795 2119 comitari
803 2081 867 2120 tuum
878 2077 1007 2120 saluatorem
1018 2078 1056 2133 qui

184 2164 222 2205 pro
231 2148 295 2191 nobis
303 2147 475 2205 injustissimam
483 2148 575 2202 pertulit
586 2149 734 2191 sententiam’'
747 2152 769 2190 et
780 2148 807 2190 ad
815 2148 921 2204 populum
930 2162 1055 2200 conuersus,

183 2221 221 2271 ait,
240 2221 254 2239 “
265 2219 386 2262 Christiani
399 2222 422 2261 et
435 2219 564 2275 praesertim
579 2219 617 2275 qui
631 2220 688 2261 inter
703 2233 741 2262 vos
753 2223 806 2262 sunt
818 2219 926 2262 Catholici
941 2218 1055 2275 pronubis

186 2293 253 2340 orate,
265 2290 371 2331 remittite
381 2290 482 2344 injurias,
495 2294 554 2332 orate
564 2305 604 2345 pro
615 2290 798 2346 persequentibus
808 2291 879 2341 nobis,
892 2294 977 2332 seruate
987 2291 1055 2332 fidem

187 2359 331 2410 Catholicam,
351 2374 416 2414 quam
434 2364 508 2415 patres
526 2362 597 2403 nostri
614 2361 739 2403 habuerunt
757 2365 780 2403 et
796 2362 888 2403 firmiter
908 2360 1054 2412 crediderunt,

186 2444 255 2485 quum
262 2429 315 2471 haec
326 2434 360 2471 est
370 2430 428 2485 regia
438 2430 472 2471 ria
484 2431 511 2472 ad
518 2431 669 2486 paradisum:'’
678 2433 745 2474 frater
751 2446 802 2474 rero
813 2432 881 2486 major
889 2432 1024 2474 confortatus
1033 2436 1056 2474 et

187 2501 273 2543 afratre
282 2499 396 2549 adductus,
406 2500 484 2542 multis
495 2515 545 2542 cum
555 2502 663 2557 lacrymis,
671 2503 758 2545 reniam
769 2517 782 2544 a
792 2501 839 2543 Deo
845 2502 919 2556 petiit3
932 2516 1056 2559 magnoque

186 2585 236 2613 oum
247 2571 330 2613 fervore
348 2584 386 2625 pro
400 2570 482 2625 judice,
502 2574 524 2612 et
542 2571 587 2613 suis
605 2572 782 2628 persecutoribus
800 2571 873 2613 Deum
891 2572 974 2614 orabat.
1007 2573 1054 2623 Quo

183 2643 247 2693 facto,
260 2640 330 2683 multi·
338 2639 365 2681 ad
375 2639 548 2695 compassionem
556 2645 578 2682 et
586 2642 691 2697 lacrymas
699 2642 850 2684 movebantur.
883 2642 980 2684 Tandem
991 2643 1054 2686 ambo

182 2712 229 2755 Deo
248 2726 272 2755 se
293 2710 474 2754 commendantes
500 2710 597 2765 patibulo
624 2712 732 2767 suspensi,
753 2725 842 2753 cursum
859 2713 980 2767 praesentis
997 2713 1054 2755 vitae

182 2783 348 2841 compleverunt
358 2780 460 2824 Dublinii
470 2780 529 2824 Ab.
542 2781 608 2832 1582,
620 2795 696 2824 mense
712 2781 833 2824 Februarii.

525 2899 719 2942 Wnrnaroaamu.

226 2983 330 3027 Mothous
337 2983 452 3040 Lamport,
463 2982 496 3025 vir
502 2983 559 3039 pius,
569 2982 662 3039 simplex
670 2996 693 3025 ac
700 2982 782 3025 timens
791 2982 862 3026 Deum
870 2984 964 3028 naturali
972 2986 1054 3029 virtute

182 3054 300 3108 praeditus,
320 3056 426 3109 sincerus,
448 3070 471 3098 ao
490 3054 562 3098 fidelis
581 3053 722 3105 Catholicus3
747 3057 860 3111 propterea
878 3055 935 3112 quod
958 3056 1053 3111 benigne
