2416 3337
463 218 607 247 sriemuemrr
623 219 765 248 ossonrnusn.
1025 210 1038 252 7
1042 209 1055 249 5

151 361 153 364 ’
182 365 249 407 etiam
260 362 358 417 Reginae
369 362 469 404 eubiculo
485 364 507 404 et
523 362 648 417 praesentia
658 361 792 417 Edinburgi,
804 376 830 403 ea
841 361 929 417 grauida
940 361 1056 416 existente,

182 435 262 477 nirdere
274 432 420 475 eonstituunt.
452 434 500 485 Qua
510 421 636 489 perpetrata
644 433 730 489 Regina
741 427 865 476 arctissime
876 433 989 477 custodiae
1000 448 1058 477 eom·

181 506 252 547 missa
270 508 304 547 est
322 518 444 561 omnesque
462 505 539 548 exules
558 506 635 548 statim
652 506 676 546 in
696 505 793 547 Suetium
810 505 912 548 reuocati.
945 505 1059 547 Henrieus

182 580 257 619 autem
275 577 375 633 sequenti
386 577 421 620 die
431 577 489 619 tanti
499 577 603 621 facinoris
619 576 707 632 eulpam
723 590 845 633 agnoscens
864 577 960 619 lacrimis
971 577 1059 619 veniam

182 650 266 690 secreto
278 662 290 689 a
301 647 387 703 Regina
402 649 459 705 petit
477 662 544 704 quem
561 662 611 690 eum
629 647 668 690 issa
683 647 707 689 in
725 648 819 703 gratiam
836 647 955 703 recepisset
966 650 1059 702 uterque

181 721 249 760 noctu
260 731 271 760 e
282 718 454 761 fautioneserum
463 718 581 762 hominum
597 718 701 761 manibus
718 731 742 761 se
757 722 821 760 caute
833 717 959 760 subducens
969 718 994 759 in
1005 716 1058 759 Cas-

272 793 332 831 trum
342 788 436 832 Dunbar
448 803 495 833 sese
505 790 620 845 recipiunt.
653 788 718 831 Unde
734 787 824 830 enileete
835 802 891 832 novo
902 788 1000 838 exercitu
1011 802 1057 830 rur-

274 872 323 901 sum
334 859 349 901 J
350 859 443 902 aeebum
455 864 476 902 et
487 874 541 903 suae
556 859 658 902 factionis
675 859 746 902 seeios
762 858 861 915 aliosque
872 858 945 901 caedis
957 862 1057 900 auctores

181 929 296 983 partimin
307 929 411 984 Angiiam
426 931 506 985 partim
522 930 643 972 ininsuias
653 928 742 971 exulare
752 932 879 985 (inegerunt.
910 928 971 970 Hine
987 928 1056 970 maxi-

181 1012 245 1040 mum
255 998 279 1040 in
290 998 413 1041 Hemieum
424 1003 554 1055 conceptum
565 999 640 1041 odium
656 997 835 1054 quodde1·e]ietis
848 998 935 1041 sceleris
945 999 1057 1054 preparati

183 1067 248 1110 seeiis
264 1067 363 1124 Reginae
378 1074 453 1125 partes
470 1070 500 1113 sit
515 1073 633 1125 sequutus.
665 1068 708 1110 Pro
724 1067 805 1122 quibus
821 1071 898 1123 postea
909 1081 960 1109 eum
971 1067 1057 1122 Regina

181 1137 276 1193 Angliae
286 1153 324 1194 per
335 1153 387 1183 suos
398 1144 494 1183 oratores
505 1140 593 1182 veniam
602 1138 711 1194 petiisset,
725 1136 811 1179 Saotiae
827 1136 912 1192 Regina
922 1137 974 1192 plus
990 1150 1058 1192 quam

180 1223 221 1264 par
244 1214 291 1252 erat
309 1211 337 1253 ad
360 1211 520 1267 ignoscendum
545 1210 647 1267 preditis
670 1223 760 1251 omnem
782 1208 828 1250 ntis
853 1207 940 1265 eulpam
962 1209 1056 1260 remisit,

180 1280 298 1336 praecipue
314 1296 364 1325 vere
380 1282 490 1325 Maitonio
508 1282 591 1325 Oomiti
607 1280 721 1323 Ruthenio
740 1283 762 1321 et
780 1278 895 1322 Lindisaie
912 1279 951 1335 qui
969 1278 1058 1321 eaedem

181 1351 228 1392 suis
244 1351 348 1394 manibus
364 1353 531 1402 commiserant,
550 1364 673 1407 numquam
689 1353 765 1392 tamen
785 1363 813 1391 ex
832 1363 856 1392 eo
875 1349 908 1390 iiii
926 1353 1057 1405 eeneeptum

181 1423 257 1462 eontra
275 1421 398 1464 Henrieum
415 1423 489 1465 odium
507 1423 642 1478 deponentes
664 1435 677 1461 a
694 1418 825 1462 vindicanda
841 1420 923 1475 injuria
942 1419 1056 1463 desierunt

181 1489 250 1531 donee
261 1503 272 1531 e
283 1491 354 1533 media
366 1492 449 1534 erudeli
459 1492 478 1534 is
488 1492 533 1534 iliis
544 1495 615 1534 morte
631 1494 690 1533 esset
702 1489 811 1532 sublatus.

196 1603 231 1631 nee
273 1559 379 1615 Sequenti
395 1565 471 1616 postea
489 1574 567 1603 mense
582 1560 635 1601 Iulii
651 1559 686 1601 die
704 1560 746 1602 19⁰·
777 1558 864 1614 Regina
880 1560 965 1615 peperit
983 1561 1056 1602 fitium

273 1644 339 1672 suum
357 1630 466 1674 Jaeebum
479 1631 565 1673 Seotiae
575 1644 634 1673 nune
650 1629 778 1684 principem,
795 1642 878 1684 magne
895 1630 965 1672 totins
982 1631 1056 1687 Regni

180 1700 262 1757 gaudio
269 1714 294 1743 ae
303 1700 410 1745 desiderio
421 1716 487 1758 quem
498 1716 525 1744 ex
532 1716 592 1744 saera
599 1700 747 1757 Baptismatis
755 1699 816 1742 fante
828 1705 974 1756 susceperunt
981 1701 1057 1745 Chris-

179 1771 321 1814 tianissimus
332 1771 380 1814 Rex
392 1771 477 1815 Galliae
495 1772 589 1815 Carolus
607 1769 831 1813 matinanta
849 1770 942 1826 Angliae
961 1772 1055 1828 Regina,

180 1841 277 1897 Duxque
289 1842 418 1894 Sabaudiae,
429 1858 468 1899 per
480 1858 532 1887 sues
543 1848 640 1886 oratores
652 1842 679 1884 ad
689 1856 741 1884 eum
752 1841 819 1883 finem
830 1842 919 1885 missos.

225 1913 324 1956 Peractis
334 1915 381 1971 jam
392 1915 539 1972 Baptismatis
552 1915 623 1957 Sacris
639 1927 717 1957 rursus
735 1927 791 1957 nova
810 1927 823 1955 a
841 1914 939 1957 factiosis
957 1920 1057 1959 tenta-tur

177 1975 314 2040 ⁴conspiratio
322 1986 483 2042 consiliumque
491 1987 574 2028 initum
584 1986 610 2027 de
618 1983 716 2027 tollendo
725 1983 816 2026 emedio
825 1983 949 2027 Henrieum
958 1985 1057 2042 Reginae

180 2055 295 2107 maritum,
307 2070 378 2112 neque
394 2062 482 2100 cessant
497 2057 567 2099 donee
585 2055 668 2107 caedes7
688 2054 837 2109 plurimorum
857 2069 973 2108 consensu,
985 2058 1055 2099 Both-

179 2124 250 2166 weiiio
270 2128 345 2167 tamen
361 2127 442 2168 comite
461 2140 511 2168 eum
529 2125 643 2168 nonnullis
662 2124 712 2165 aliis
731 2128 861 2178 exequente,
873 2130 961 2180 peraeta
979 2131 1014 2169 est
1033 2132 1055 2169 et

179 2195 292 2237 Hernicus
310 2199 385 2238 nester
401 2210 452 2241 eum
469 2197 515 2239 suis
531 2196 620 2251 pulvere
636 2194 779 2237 tormentario
798 2208 844 2236 una
863 2208 913 2237 eum
931 2196 996 2240 domo
1015 2198 1054 2241 ubi

176 2264 265 2321 jacebat
276 2277 402 2321 oppressus.

195 2380 230 2410 1567
271 2336 320 2378 Hae
328 2338 393 2379 aaede
399 2339 522 2403 perpetrata
533 2335 672 2379 Bothueiiius
679 2335 781 2378 omnium
789 2335 933 2379 factiosorum
939 2351 1055 2394 procerum

272 2406 359 2450 sceleris
371 2407 479 2449 sociorum
490 2419 608 2449 assensum
618 2405 715 2449 obtinuit
726 2409 752 2448 ut
762 2405 873 2462 Reginam
888 2411 943 2450 tune
958 2410 1054 2462 uiduam,

118 2494 121 2502 ¹
182 2477 250 2519 etiam
260 2477 375 2532 repudiata
384 2477 473 2534 propria
482 2477 576 2533 cunjuge
586 2477 610 2519 in
621 2490 713 2519 uxarem
724 2476 820 2529 duceret,
830 2478 953 2533 quistatim
965 2480 1055 2523 aelleete

179 2548 251 2589 milite
262 2562 311 2592 eam
322 2550 344 2592 in
361 2550 440 2592 itinere
458 2550 515 2592 inter
532 2548 682 2604 Stertinguam
699 2552 722 2590 et
737 2547 909 2605 Edinburgham
924 2552 1055 2607 praecipuas

179 2617 281 2660 civitates
296 2619 331 2661 via
346 2620 474 2676 aggreditur
490 2633 582 2676 eamque
598 2619 733 2662 renitentem
748 2619 772 2662 in
788 2623 887 2662 nastrum
905 2620 1053 2665 Dumbarium

180 2689 244 2743 eujus
256 2702 308 2731 eura
319 2689 351 2732 1111
362 2694 408 2732 erat
419 2689 558 2741 demandata,
571 2689 633 2732 duxit
646 2694 667 2732 et
678 2691 788 2745 captivam
799 2704 851 2746 eum
861 2691 988 2747 preeeribus
998 2706 1052 2734 nan-

180 2759 249 2803 nnliis
261 2760 334 2817 aliquo
344 2762 441 2804 detinuit
451 2765 550 2818 tempore
561 2762 609 2818 ejus
619 2761 696 2805 uolens
705 2775 823 2805 assensum
833 2767 968 2819 extorquere.
1000 2763 1053 2806 Pro-

179 2844 241 2874 eeres
257 2836 332 2875 autem
349 2838 437 2876 tantam
455 2834 560 2889 injuriam
578 2834 699 2877 Bethweiis
718 2848 771 2877 suae
789 2835 889 2890 Prinaipi
906 2834 990 2876 illatam
1008 2849 1053 2878 non

179 2902 276 2946 ferentes
286 2905 361 2961 ipsum
372 2906 462 2949 collecto
479 2909 576 2950 exercitu
592 2906 751 2963 aggrediuntur
767 2908 805 2963 qui
821 2907 896 2963 fugam
915 2906 982 2948 saluti
1001 2921 1054 2950 suae

180 2974 299 3018 consulens
310 2976 333 3019 in
345 2977 440 3021 Oreades
451 2978 536 3022 insulas
552 2994 575 3022 se
585 2980 683 3036 primum
694 2978 826 3021 transmisit.
858 2976 913 3018 Inde
924 2976 948 3019 in
956 2976 1054 3022 Daniam

196 833 231 861 1566
