2416 3337
474 247 618 279 SPIGILEGIUM
634 248 775 279 osscnlnusu.

584 466 672 510 XLIII.

191 594 287 637 Lnrrnn
299 608 326 637 or
336 596 379 637 Da.
392 595 494 638 Bonrrus
504 594 556 636 Mic
566 594 639 644 Earn,
657 593 743 635 Brsnor
753 606 780 635 or
791 593 889 645 Enrmu,
901 594 1006 636 Ooroann
1022 594 1058 644 20,

590 665 656 707 1630.

194 791 235 831 [Dr.
244 792 285 824 Mac
292 792 348 833 Egon,
357 800 368 822 a
379 789 487 823 Franciscan
498 789 555 827 Frior,
564 799 598 821 uns
611 788 708 829 appointed
716 791 735 820 to
745 788 776 821 the
788 788 822 821 See
831 788 851 820 of
856 787 924 830 Eiphin
933 788 952 821 in
960 788 1011 828 1625,
1023 789 1059 822 and

235 857 269 878 was
278 846 391 878 consecrated
399 846 422 887 hy
429 845 460 878 the
468 844 580 885 Archhishop
593 844 613 876 cf
624 843 693 876 Dnblin
707 844 726 876 in
740 844 788 876 1626.
814 844 843 877 He
858 843 899 876 died
913 843 956 876 reth
971 845 991 878 cf
1004 845 1058 887 April,

235 901 294 941 roao]

187 1014 268 1057 huns.
286 1013 345 1056 Dan.

232 1085 354 1141 Annojam
370 1087 446 1141 quarto
463 1098 476 1126 a
492 1083 663 1126 Consecratione
674 1089 775 1126 currente
787 1098 872 1127 memor
882 1085 1025 1140 professionis
1036 1089 1057 1127 et

184 1157 308 1213 juramenti
318 1161 367 1198 tum
377 1156 430 1197 facti
441 1169 484 1212 quo
495 1155 613 1198 obstrictus
625 1160 701 1197 teneor
712 1155 809 1211 quolibet
820 1155 962 1211 quadriennio
978 1155 1057 1198 Ponti-

187 1228 235 1270 ficis
251 1226 345 1269 Maximi
362 1226 510 1282 praesentiam
529 1225 589 1267 adire
610 1229 632 1267 et
653 1240 726 1267 coram
743 1225 838 1280 injuncti
856 1225 975 1267 Pastoralis
992 1225 1065 1267 officii

186 1299 295 1340 rationem
305 1297 395 1340 reddere
405 1296 471 1351 idque
482 1295 626 1352 personaliter
635 1295 653 1337 si
660 1295 707 1336 fieri
714 1299 794 1350 potest,
807 1298 845 1336 aut
855 1299 912 1336 certe
923 1294 1055 1351 perfidelem

186 1370 299 1419 nuntium,
317 1382 410 1423 cumque
428 1372 453 1409 ut
470 1367 585 1408 exanimo
602 1367 666 1422 cupio
690 1371 712 1408 et
728 1367 819 1408 omnino
838 1365 912 1417 debeo,
932 1365 962 1408 ibi
980 1381 1055 1422 perso-

185 1440 264 1482 naliter
274 1440 380 1481 interesse
391 1452 437 1480 non
452 1438 545 1494 possim,
559 1438 670 1480 saeviente
679 1438 726 1493 jam
742 1437 884 1480 vehementer
894 1438 1053 1494 persecutione,

184 1525 212 1553 ne
223 1510 299 1553 fideles
310 1510 373 1553 nobis
384 1509 505 1552 concrediti
515 1509 553 1565 qui
573 1509 601 1551 ad
619 1509 707 1551 vultum
725 1509 809 1564 proprii
824 1510 918 1565 pastoris
930 1509 1055 1551 confirmari

184 1587 205 1625 et
216 1582 348 1626 consolidari
359 1582 438 1633 solent,
451 1581 605 1624 existimarent
616 1585 638 1623 et
649 1595 672 1623 se
683 1580 781 1623 desertos
793 1584 815 1623 et·
827 1595 868 1623 nos
877 1581 933 1623 forte
943 1594 1054 1622 mercena-

184 1655 227 1697 rios
239 1655 277 1710 qui
294 1655 345 1710 lupo
364 1654 467 1696 veniente
477 1653 619 1707 fugeremus;
637 1655 659 1693 et
676 1652 807 1706 praesertim
826 1651 884 1707 quod
906 1655 1008 1706 sumptus
1027 1651 1055 1693 ad

184 1729 272 1768 tantum
290 1726 332 1767 iter
350 1723 511 1767 conficiendum
527 1722 648 1764 necessarii
664 1723 753 1764 omnino
769 1721 851 1764 desunt
870 1722 933 1765 nobis
952 1723 990 1778 qui
1005 1726 1053 1764 tan-

184 1795 300 1839 tummodo
320 1795 420 1837 fidelium
441 1793 547 1835 charitate
566 1795 588 1834 et
605 1792 757 1834 benevolentia
779 1796 937 1835 sustentamur.
981 1793 1052 1844 Quare

184 1867 337 1910 commisimus
359 1870 380 1908 et
399 1880 437 1921 per
454 1868 582 1920 praesentes
601 1864 761 1906 committimus
780 1860 890 1906 nutum.
901 1863 959 1906 Dno.
971 1863 1053 1906 Iacobo

184 1939 270 1989 Fallon‚
283 1938 350 1994 hujus
369 1936 475 1979 Conaciae
490 1935 616 1978 Provinciae
628 1934 765 1977 Procuratori
783 1938 806 1976 et
823 1934 846 1976 in
864 1935 916 1977 urbe
933 1936 1015 1991 agenti,
1027 1939 1053 1977 ut

183 2026 256 2054 coram
267 2010 344 2052 SSnro.
356 2010 385 2052 D.
397 2008 425 2050 N.
439 2012 460 2050 et
471 2011 543 2050 vestra
558 2006 631 2048 Illma.
642 2006 722 2048 Dmne.
743 2020 798 2061 quae
814 2005 883 2062 hujus
894 2006 968 2048 afflicti
979 2006 1052 2062 Regni

182 2081 305 2123 Ecclesiam
323 2080 347 2122 in
369 2074 435 2121 suum
456 2076 604 2133 patrocinium
625 2080 647 2118 et
668 2075 837 2118 benevolentiae
854 2076 929 2118 sinum
946 2077 1050 2132 suscepit,

180 2152 308 2195 humillima
315 2151 419 2207 obsequia
427 2153 502 2192 nostra
508 2151 644 2204 praesentet,
650 2151 775 2204 statumque
784 2148 858 2203 gregis
867 2148 931 2190 nobis
938 2148 1051 2190 commissi
1094 2151 1096 2155 '

180 2223 274 2266 fideliter
285 2226 385 2279 exponat,
399 2222 424 2264 eii
434 2235 478 2277 qua
488 2235 526 2276 par
538 2223 573 2263 est
584 2219 654 2262 animi
665 2219 814 2262 submissione
825 2223 929 2276 rogantes
937 2222 962 2262 ut
973 2218 1051 2262 absen·

180 2296 235 2337 tiam
246 2299 345 2338 nostram
363 2294 456 2336 invitam
474 2291 563 2349 quidem
581 2306 620 2347 pro
640 2306 680 2334 sua
698 2291 835 2348 benignitate
854 2295 980 2334 excusatam
992 2291 1050 2348 apud

181 2380 245 2407 suam
254 2365 399 2406 Sanctitatem
406 2363 514 2405 habeatis.
546 2362 640 2404 Interim
647 2362 709 2404 Deus
716 2365 760 2417 opt.
772 2376 829 2404 man.
840 2361 862 2404 S.
873 2355 920 2406 ΒΜ
929 2362 1048 2405 etIllman.

182 2436 263 2478 Dnem.
281 2433 356 2475 Vram,
380 2433 506 2475 diutissime
526 2432 649 2474 incolumes
666 2436 737 2474 servet
755 2446 808 2474 snae
829 2432 914 2473 Ecclae.
936 2431 1049 2483 communi

179 2508 246 2557 bono,
259 2509 280 2548 et
291 2504 359 2560 hujus
370 2504 461 2546 afflictae
480 2504 555 2546 vineae
573 2503 733 2546 consolationi:
750 2506 775 2545 ut
792 2517 820 2545 ex
837 2502 959 2545 totocorde
975 2506 1043 2558 optat}

180 2578 265 2619 Datum
277 2590 304 2618 ex
314 2575 361 2618 loco
372 2573 444 2616 nostri
454 2573 542 2629 Reiugii
558 2573 581 2616 in
592 2573 713 2629 Hibernia,
726 2573 754 2614 20
772 2572 820 2614 Oct.
839 2573 905 2615 1630.

492 2679 555 2723 Vrae.
566 2680 653 2723 Illmae.
665 2680 693 2722 D.
706 2679 832 2734 obseqmus.
845 2693 928 2731 servus,

590 2774 631 2817 Fa.
648 2775 757 2824 Bonrrus,
769 2772 897 2829 Elphynen.
909 2774 1013 2832 Episcop.
1028 2745 1029 2748 Ἰ
