2416 3337
440 210 584 242 SPIOILEGIUM
599 208 740 241 ossonlursn.

551 415 632 459 XXIV.

160 498 347 543 Ocunnrnarcnr
362 499 459 541 Lnrrnn
474 510 500 541 or
516 511 562 540 run
578 498 664 541 Brsnor
674 509 701 538 cr
711 496 786 549 Enna,
798 496 842 538 21111
856 491 1025 547 1111111111624.

432 589 492 630 (Fnorr
504 597 541 620 run
555 587 583 620 Sr.
595 587 687 619 Isnonn‘s
699 586 758 627 MSS.)

162 667 203 707 [Dr.
212 668 293 700 Maurice
302 667 391 709 O'Hurley
398 677 432 700 was
441 666 536 708 appointed
544 667 613 708 Bisbcp
626 666 646 698 cf
655 666 708 706 Emly
720 675 742 697 on
754 664 786 697 the
797 664 840 696 aeth
853 664 873 696 of
881 665 893 697 J
893 664 928 705 uly,
937 663 986 703 1620,
994 664 1027 696 but

205 725 237 756 tlte
245 725 288 756 Bull
296 725 315 756 of
320 724 348 756 his
355 724 479 765 appointment
486 723 541 764 being
546 722 606 754 seizcd
613 721 648 753 and
656 721 750 760 destroyed
755 721 778 760 by
783 720 855 761 pirates,
860 729 896 751 was
904 720 1027 760 re-expedited

206 779 225 810 in
234 778 284 812 1622,
309 779 338 811 He
346 787 381 811 was
388 777 501 810 consecrated
509 777 532 817 by
540 777 572 808 Dr.
580 776 643 814 Rothe,
650 775 720 815 Bisbop
728 775 748 806 cf
754 774 824 815 Ossory,
832 773 852 805 in
860 773 956 814 Killienny,
964 783 986 807 on
994 774 1026 806 the

207 834 238 865 7th
247 834 267 865 of
273 833 381 874 September,
391 832 449 872 lona]

204 912 322 955 Mauritius
333 913 375 955 Dei
386 917 408 955 et
418 911 557 968 Apostolicae
575 911 637 954 Sedis
653 912 724 967 gratia
738 911 882 955 Imolacensis
893 912 1024 968 Episcopus,

158 982 267 1025 universis
278 985 405 1037 praesentes
416 986 504 1025 nostras
515 982 601 1026 litteras
611 983 692 1026 visuris
703 983 798 1025 salutem
808 983 832 1025 in
843 996 868 1024 eo
879 983 917 1039 qui
928 988 962 1025 est
976 997 1026 1026 vcra

159 1053 226 1095 salus.
266 1053 322 1095 Cum
334 1067 428 1108 aequum
440 1053 470 1095 sit
480 1052 628 1097 benemeritos
640 1068 685 1096 non
696 1053 794 1096 fraudari
805 1054 902 1097 veritatis
914 1055 1024 1110 suffragio,

158 1122 211 1165 hinc
223 1126 257 1165 est
271 1122 329 1178 quod
335 1122 388 1164 Rdm>
395 1122 484 1164 Patrem
490 1124 582 1165 fratrem
589 1123 706 1166 Danielem
713 1124 808 1166 Daleum
817 1124 906 1167 Ordinis
912 1125 1025 1166 Praedica-

159 1197 234 1235 torum
245 1192 383 1248 Theologum
394 1197 416 1236 11
426 1193 538 1236 nobilibus
552 1194 678 1249 parentibus
689 1196 747 1237 inter
758 1194 875 1249 Hybcrnos
890 1199 969 1245 ortum,
978 1196 1025 1250 jam

159 1278 171 1305 e
182 1264 252 1306 natali
263 1264 310 1307 solo
320 1264 445 1315 abeuntem,
458 1264 501 1307 fido
511 1265 552 1306 1101
563 1269 637 1307 nostro
650 1265 777 1306 testimonio
790 1265 951 1320 prosequimur.
983 1265 1025 1306 Oui

158 1333 255 1389 pericula
264 1326 373 1376 nonnulla
383 1334 409 1376 ab
426 1334 554 1376 adversariis
564 1339 650 1376 nostrae
661 1335 804 1389 professionis
815 1338 915 1376 crearunt
926 1323 1025 1378 studium

157 1404 310 1459 propagandae
325 1403 377 1445 fidei
389 1403 520 1456 Catholicae,
534 1405 675 1460 ejusdemque
690 1404 732 1446 riis
750 1408 772 1446 et
788 1404 858 1447 modis
869 1404 937 1447 licitis
948 1405 1025 1461 ampli-

157 1474 254 1516 ficandae
268 1477 333 1529 atque
347 1474 506 1517 conservandae
520 1474 590 1525 ardor,
603 1488 668 1530 quem
679 1473 737 1530 apud
748 1487 789 1517 nos
799 1473 886 1516 vivendi
899 1475 1025 1529 integritate

158 1543 301 1586 ministrandi
315 1543 439 1595 sedulitate,
450 1544 554 1587 hortandi
567 1544 716 1600 monendique
731 1544 859 1585 assiduitate
871 1544 1024 1599 comprobavit.

156 1612 187 1654 Et
198 1614 250 1669 quia
261 1613 399 1668 superiorum
410 1627 501 1656 suorum
517 1627 625 1656 consensu
637 1616 659 1655 et
669 1613 761 1655 concilio
776 1613 835 1669 apud
846 1627 886 1655 nos
898 1615 1026 1656 commorari

157 1697 203 1725 11011
221 1684 357 1737 permittitur
373 1697 424 1725 eum
445 1684 486 1725 hac
506 1687 582 1726 nostra
598 1687 718 1739 spontanea
736 1684 876 1726 attestatione
897 1684 1026 1726 comitamur

158 1753 256 1803 virtutis,
267 1753 413 1804 innocentiae,
426 1753 475 1804 celi,
487 1753 594 1796 indefessi
604 1753 683 1795 laboris
694 1757 716 1795 et
728 1753 874 1795 solicitudinis
883 1754 938 1809 ejus,
950 1769 1025 1809 quam-

159 1822 198 1864 diu
215 1821 274 1878 apud
292 1835 332 1864 nos
349 1836 434 1864 moram
455 1823 537 1866 traxit:
555 1823 633 1879 quibus
649 1822 706 1865 hanc
721 1823 807 1865 vineam
819 1822 930 1866 Ecclesiae
940 1823 1025 1879 Hyber-

158 1893 208 1935 niae
229 1892 331 1944 excoluit,
353 1893 427 1945 verbo,
447 1908 517 1948 opere,
529 1893 578 1945 fide,
598 1893 702 1944 doctrina,
714 1894 839 1948 integritate
858 1897 880 1935 et
900 1894 1024 1949 prudentia,

158 1963 279 2007 amovendo
291 1963 392 2006 scandala
408 1968 429 2006 et
446 1965 577 2015 simultates,
586 1964 731 2020 promovendo
741 1963 870 2019 religionem
882 1964 1025 2007 orthodoxam

156 2034 305 2090 Apostolicam
322 2034 452 2085 Romanam,
471 2033 586 2076 refutando
604 2047 694 2085 errores,
711 2034 804 2076 ferendo
825 2033 901 2085 bonos,
920 2035 1025 2089 fugiendo

156 2105 226 2148 malos
243 2105 356 2159 dirigendo
373 2119 451 2148 omnes
467 2105 490 2146 in
506 2106 564 2147 riam
581 2104 664 2147 salutis.
696 2105 752 2156 Quia
767 2119 817 2146 vcro
833 2105 856 2145 in
867 2104 903 2147 his
915 2105 1023 2161 ethujus-

155 2176 215 2219 modi
225 2176 276 2218 aliis
286 2176 455 2218 Ecclesiasticus
466 2176 575 2219 vocationi
586 2175 688 2230 congruis
704 2175 780 2218 officiis
793 2179 906 2218 strenuam
917 2180 939 2218 et
949 2176 1023 2218 lauda-

155 2247 223 2289 bilem
239 2261 326 2301 operam
342 2261 434 2290 narasse
450 2248 523 2302 ipsum
540 2245 603 2288 nobis
619 2249 713 2297 constat,
726 2260 792 2301 seque
803 2246 930 2301 impendere
942 2246 1022 2296 studet,

156 2321 178 2358 ct
190 2317 353 2371 superimpendi
368 2331 408 2371 pro
425 2317 513 2359 Christo
525 2320 547 2359 et
557 2316 657 2358 Ecclesia
668 2316 711 2358 Dei
726 2316 852 2371 patriaeque
865 2329 917 2358 suae
929 2315 1024 2357 afflictis-

158 2387 227 2429 simae
248 2384 366 2440 obsequio:
386 2385 441 2427 bene
459 2390 493 2427 est
512 2386 570 2441 quod
588 2400 628 2428 nos
645 2386 736 2441 insuper
751 2389 883 2428 attestemur
902 2385 1024 2440 praefatum

157 2454 274 2497 Danielem
289 2454 349 2495 omni
363 2454 443 2506 favore,
455 2456 532 2509 gratia,
544 2455 656 2509 privilegio
674 2459 696 2497 et
717 2455 847 2509 praelatione
866 2454 945 2508 quibus
960 2454 1024 2497 illum

159 2526 239 2567 Sancta
256 2522 324 2566 Sedes
339 2523 465 2578 Apostolica
480 2517 588 2580 insignire
604 2529 625 2567 11
643 2526 786 2567 condecorare
801 2524 895 2567 coluerit
912 2526 1024 2568 oraculum

157 2609 205 2639 esse
216 2595 390 2650 dignissimum:
407 2609 500 2651 eumque
512 2596 591 2637 mereri
601 2596 667 2638 fidem
684 2608 782 2637 amorem
793 2598 814 2636 et
825 2595 921 2637 favorem
933 2596 1023 2652 Magna-

156 2671 204 2709 tum
216 2664 368 2708 Praelatorum
385 2669 406 2706 et
422 2664 549 2720 Principum
565 2665 591 2707 ad
606 2679 661 2721 qrics
677 2665 790 2715 divertere,
808 2664 865 2719 apud
876 2679 929 2720 quos
940 2679 1024 2710 moram

155 2738 232 2788 facere,
245 2748 366 2791 quorumve
378 2733 481 2789 alloquio,
494 2735 582 2785 auxilio,
594 2736 663 2791 gratia
671 2735 746 2790 ipsum
756 2735 853 2789 indigere
862 2736 977 2791 contigerit
986 2742 1024 2779 aut

155 2807 222 2849 inniti
233 2806 347 2861 cupiverit,
364 2805 482 2860 ipsumque
499 2805 602 2847 omnibus
618 2809 640 2846 et
656 2804 750 2859 singulis
761 2818 827 2859 quam
843 2806 954 2859 possimus
964 2820 1022 2850 com-

155 2878 295 2919 mendamus.
327 2875 355 2917 In
366 2888 462 2931 quorum
473 2874 573 2916 omnium
590 2874 655 2915 fidem
667 2877 688 2915 et
703 2874 856 2916 testimonium
872 2878 1023 2931 praesentibus

156 2948 327 3004 subscripsimus
344 2949 366 2988 et
383 2945 482 3001 sigillum
498 2947 601 2988 nostrum
618 2944 697 2999 apponi
714 2944 812 2986 fecimus.
843 2945 926 2989 Datum
936 2947 959 2990 in
974 2948 1022 2992 loco

156 3019 278 3062 mansionis
288 3021 383 3071 nostrae,
395 3017 454 3060 indo
465 3016 541 3059 Martii
552 3028 609 3058 anno
621 3014 700 3057 salutis
711 3014 776 3057 1624.

656 3086 786 3131 1111111111
801 3087 922 3133 tarcacona.
940 3090 990 3145 Epa.
