2416 3337
186 215 230 257 238
468 226 613 257 srrcrnneruu
629 227 772 259 ossoarnnsn.

185 373 280 426 cederet,
294 374 425 431 diligentem
438 379 521 432 quanta
536 376 602 431 potui
619 376 746 418 maturitate
763 374 950 427 deliberationem,
967 378 989 417 et
1007 388 1058 417 con-

186 446 332 489 sultationem
347 447 453 499 institui;
473 451 495 490 et
505 446 596 490 tandem
610 447 733 490 resolutum
745 450 786 499 est,
798 460 847 490 esse
854 446 1016 490 instituendum
1026 445 1059 488 ibi

186 518 333 574 Episcopum.
365 518 397 560 Et
407 523 465 561 certe
482 519 580 572 (omissis
598 518 647 560 aliis
658 518 790 571 rationibus)
803 520 915 562 occasione
925 518 1059 562 tumultuosi

186 589 301 644 temporis,
314 589 373 644 quod
381 588 423 630 toti
433 588 510 643 Regno
523 587 607 631 dentiae
618 587 694 642 procul
702 588 768 629 dubio
779 601 838 630 nunc
848 589 958 640 imminet,
967 587 1059 632 Praesul

187 657 218 700 ibi
229 659 366 701 constitutus
383 657 503 713 plurimum
518 657 599 712 poterit
614 670 662 697 rem
678 655 794 699 Missionis
810 669 945 711 promovere,
957 658 1023 701 modo
1035 658 1057 700 S.

188 726 275 783 Cngtio.
297 727 341 781 ipsi
364 726 390 768 de
407 725 583 769 substentatione
599 724 736 780 providebit,-
754 728 776 766 et
790 725 939 769 verosimilius
948 731 988 779 est,
1000 727 1069 783 quod,

185 797 318 840 nostratium
329 797 371 838 viri
386 795 501 851 Principes
513 808 563 838 cnm
575 795 674 837 exercitu
684 799 761 837 contra
774 795 852 838 Socios
862 797 887 838 in
897 796 959 839 illam
972 802 1058 852 partem

185 868 310 918 mittentur,
332 867 371 922 qui
386 867 535 922 maximopere
553 867 678 922 praesentia
695 864 803 909 Catholici
816 866 933 910 Antistitis
949 869 1058 911 conforta-

184 937 274 980 buntur.
741 940 746 977 ζ

228 1007 313 1049 Verum
325 1007 447 1050 enimvero
463 1006 490 1049 P.
501 1007 538 1049 Fr⁴
550 1006 661 1049 Patricius
677 1005 778 1062 Hegarty
794 1008 907 1050 communi
923 1008 993 1063 digito
1004 1009 1058 1051 sorti

184 1076 323 1133 designatur,
335 1080 358 1119 et
368 1091 416 1120 meo
426 1076 509 1133 judicio
521 1077 652 1132 aptissime:
663 1076 777 1119 hominem
787 1077 834 1133 ipse
843 1077 953 1134 siquidem
960 1079 1058 1134 apprime

184 1148 248 1190 novi:
266 1149 300 1190 vir
312 1152 346 1192 est
357 1149 465 1204 probitate
477 1149 581 1204 insignis,
594 1148 694 1190 doctrina
703 1148 824 1204 praeditus,
836 1162 929 1191 munere
946 1150 1056 1205 praedica-

183 1219 252 1262 tionis
264 1220 343 1270 clarus,
355 1220 401 1262 nelo
410 1220 524 1276 religionis
534 1220 630 1270 fervens,
642 1223 664 1261 et
675 1219 702 1261 ob
714 1232 777 1261 suam
788 1218 938 1274 prudentiam,
951 1223 973 1261 et
983 1233 1056 1262 exem-

183 1290 268 1345 plarem
279 1290 475 1340 conversationem,
488 1303 534 1331 non
545 1288 640 1330 ultimus
651 1289 709 1329 inter
720 1288 802 1331 amieos
813 1289 893 1331 multis
903 1289 1054 1344 Magnetibus,

184 1364 206 1402 et
223 1360 354 1415 praesertim
374 1359 448 1402 Ulmo.
463 1360 521 1402 Dno.
533 1359 616 1401 Gemiti
625 1358 652 1401 de
665 1358 761 1410 Ararim,
774 1360 812 1415 qui
829 1360 853 1401 in
869 1374 918 1402 mea
934 1360 1057 1403 Oonorensi

183 1429 292 1480 Dioecesi,
303 1429 389 1471 Insulis
405 1428 489 1471 Scotiae
504 1428 565 1471 valde
583 1428 662 1480 vicina,
679 1428 712 1470 vir
727 1428 846 1484 primarius
862 1433 911 1472 tum
927 1430 951 1472 in
966 1429 1054 1486 Anglia‚

182 1514 232 1542 cum
248 1500 273 1542 in
293 1499 402 1542 Hibernia
420 1500 550 1542 auctoritate
571 1502 659 1555 potens,
681 1499 754 1542 Patris
775 1500 875 1556 Hegarty
895 1502 1055 1556 promotionem
1083 1488 1085 1492 v

182 1570 298 1614 desiderat.
328 1571 361 1613 Et
371 1571 394 1613 in
408 1570 546 1613 sollicitando
557 1570 599 1613 hoe
609 1571 698 1627 negotio
708 1572 742 1613 uti
753 1585 817 1627 opera
828 1576 850 1614 et
860 1572 971 1615 industria
980 1573 1055 1615 eximii

182 1642 235 1685 Dni.
252 1642 337 1698 Duyer,
358 1643 404 1698 qui,
430 1646 457 1684 ut
484 1656 555 1698 spero,
575 1643 638 1684 illam
660 1642 755 1684 libenter
783 1643 918 1698 provinciam
942 1644 1055 1699 suscipiet,

182 1715 264 1768 poterit
273 1714 325 1756 Vra.
337 1713 365 1755 R.
376 1714 409 1756 D0'
426 1727 493 1769 quam
504 1728 531 1755 ex
541 1715 616 1756 animo
627 1713 710 1755 tutelae
722 1714 766 1755 Dei
777 1715 802 1755 0.
814 1714 845 1756 Μ,
857 1714 986 1758 commendo
997 1728 1044 1771 ego,

227 1802 264 1843 Ex
273 1801 321 1845 loco
332 1815 392 1845 urae,
405 1802 529 1845 mansionis
539 1802 562 1844 in
574 1801 682 1845 Hibernia
694 1802 722 1844 16
733 1801 794 1857 Apn,
808 1801 873 1846 1639.

457 1890 539 1940 Rmae,
551 1891 588 1932 (bc.

622 1960 708 2003 Affeetu
719 1964 741 2002 et
753 1959 871 2016 Obsequio,

483 2043 524 2085 Fa.
541 2044 716 2096 Bounvnurunr,
728 2043 783 2099 Eps.
794 2044 884 2086 Dunen.
896 2048 918 2086 et
930 2044 1037 2088 Concren.

461 2357 465 2449 Ἀ
534 2395 683 2439 nnxrvrrr.

281 2509 377 2552 Lnrrnn
388 2522 414 2551 or
425 2523 470 2552 run
481 2512 567 2554 Brsnor
578 2525 606 2555 or
617 2512 718 2564 Hannon,
731 2513 792 2554 25rn
808 2511 874 2564 duur,
889 2511 955 2556 1639.

225 2625 303 2667 Liceat
312 2624 370 2667 milri
380 2623 505 2666 humillimo
516 2624 598 2677 clienti,
617 2623 706 2667 Emam.
719 2624 794 2667 Vram.
806 2637 818 2665 a
829 2624 967 2678 gravioribus
983 2625 1047 2682 Reip.

181 2696 274 2751 utriusq.
286 2695 345 2738 curis
356 2694 384 2737 ad
394 2694 437 2735 nri.
449 2693 557 2736 incolatus
567 2694 699 2736 miserabilis
707 2694 748 2736 hac
755 2697 885 2748 tempestate
896 2695 954 2737 vices
964 2710 1051 2751 parum·

180 2780 218 2821 per
229 2765 320 2808 euocari.
347 2764 462 2808 Protector
474 2763 545 2814 Eme,
564 2777 616 2818 prae
633 2763 724 2818 reliquis
742 2762 811 2817 hujus
828 2763 892 2819 regni
909 2764 1051 2821 suffraganeis

173 2823 254 2878 ‘divina
263 2835 294 2877 ita
301 2836 434 2891 disponente
442 2832 580 2890 providentia
587 2833 694 2876 dioecesis
703 2832 758 2874 mihi
767 2833 860 2888 contigit
868 2835 971 2889 genuinis
979 2836 1051 2879 catho-

179 2905 229 2948 licis
246 2905 360 2958 destituta,
379 2903 749 2959 Soetc-rlnglo—protestantium
768 2904 903 2958 plantatione
923 2907 1005 2951 rnirunr
1029 2909 1053 2951 in

180 2977 271 3019 modum
282 2977 441 3020 afflictissime:
459 2976 490 3019 ita
501 2975 561 3017 enim
572 2988 656 3030 pauper
671 2974 694 3015 in
709 2988 733 3016 ea
749 2974 814 3018 lrodie
826 2980 938 3033 superstes
948 2980 1052 3034 populus,

181 3050 203 3088 et
213 3047 398 3102 frequentioribus
408 3047 485 3102 Regiis
497 3045 612 3098 subsidiis,
630 3049 652 3087 et
667 3044 813 3101 multiplicata
823 3048 924 3091 auctione
935 3063 1050 3101 censuum,
