2416 3337
473 202 617 233 SPIOILEGIUM
633 202 775 235 OSSORIENSH.

601 409 658 452 CVI.

190 518 286 562 Larran
296 534 357 564 raon
368 521 484 564 Lmaarca
495 534 521 564 ro
532 521 558 564 F.
570 522 636 564 Luna
648 521 768 573 Wannrrre,
782 523 843 565 aare
853 522 982 577 Faaaurar,
993 522 1058 566 1642.

424 632 484 673 (Facu
492 640 529 662 ran
539 631 642 663 Bannanrru
649 631 750 670 Acamans,
758 631 829 675 Runa.)

235 740 377 782 Occasionem
387 743 465 782 nactus
476 740 603 782 mercatoris
619 739 737 796 Rupetlam
752 740 906 783 contendentis
921 742 1057 785 monendum

188 812 210 852 te
228 811 304 865 putari
321 811 348 853 de
370 811 449 853 misero
467 813 527 853 statu
542 810 632 866 patriae,
653 810 693 854 sed
711 825 776 868 quem
794 811 885 868 posthac
903 810 950 854 Deo
965 814 1057 868 juvante

186 879 305 922 feliciorem
322 894 443 936 speramus.
483 880 564 924 Nullus
580 885 615 924 est
631 881 696 925 modo
711 883 782 926 tetius
797 882 917 925 Hiberniae
934 883 1057 926 Comitatus

129 1000 131 1003 .
185 953 279 1007 quinon
290 954 320 995 sit
336 953 360 995 in
377 953 451 1004 armis,
463 953 540 1009 paucis
556 952 683 996 civitatibus
699 954 803 1009 exceptis,
815 952 891 996 nullus
906 953 931 995 in
948 953 1056 997 Hibernia

185 1022 272 1078 Anglus
283 1024 330 1065 ruri
341 1015 490 1066 commoratur
502 1023 540 1066 sed
551 1024 578 1066 ad
589 1024 655 1067 urbes
667 1025 814 1081 confugerunt
826 1038 903 1068 omnes
914 1028 936 1067 et
946 1040 1006 1068 arces
1017 1040 1056 1069 seu

186 1095 284 1147 castella,
302 1110 359 1153 quae
377 1096 445 1138 etiam
463 1095 535 1138 nostri
555 1095 651 1138 Hiberni
666 1096 714 1138 sine
732 1096 820 1152 pulvere
838 1096 980 1138 tormentario
1003 1097 1056 1139 satis

186 1166 258 1208 multa
269 1168 367 1222 capiunt.
399 1166 529 1209 Exercitum
539 1165 647 1208 habemus
657 1166 681 1208 in
692 1166 805 1209 Homonia
816 1165 940 1221 quindecim
951 1166 1054 1219 millium,

186 1250 281 1291 quocum
296 1252 396 1293 pugnare
413 1252 435 1280 se
451 1236 506 1278 velte
523 1236 634 1278 annulavit
649 1235 760 1278 Dominus
776 1236 803 1277 de
824 1235 857 1277 Sa
877 1235 956 1291 Leger,
968 1236 1055 1291 Angtus

185 1307 276 1351 Praeses
298 1322 338 1350 seu
359 1309 481 1363 praefectus
502 1306 569 1362 hujus
590 1307 725 1359 Provinciae,
748 1307 787 1350 sed
812 1307 1054 1364 adproquinquantibus

185 1379 267 1421 nostris
285 1380 373 1434 aufugit
394 1379 486 1421 Praeses
505 1381 526 1420 et
548 1378 676 1433 (torcagianr
693 1392 716 1421 se
732 1379 820 1435 recepit,
832 1379 963 1434 insequente
979 1384 1054 1422 nostro

183 1450 287 1501 exercitu,
299 1450 374 1492 animo
382 1448 475 1492 nonnisi
485 1451 547 1504 capta
559 1448 668 1504 Gorcagia,
680 1448 808 1505 Youghiiia,
820 1453 842 1491 et
852 1448 962 1500 Kinsatio,
975 1449 1002 1492 ad
1013 1464 1053 1494 nos

183 1521 296 1563 redeundi.
315 1520 363 1562 Alii
371 1520 441 1563 nostri
450 1520 558 1562 exercitus
565 1521 613 1576 jam
622 1524 727 1575 ceperunt
736 1519 865 1570 Traianum,
875 1519 1052 1572 Waterfordiam,

184 1590 346 1642 Otonmetliam,
369 1590 519 1642 Kfflrenniam,
540 1590 669 1643 Cassetiam,
689 1590 853 1642 Kitmaliocum,
874 1592 990 1646 omniaque
1008 1591 1054 1636 loca

185 1663 312 1720 Corcagiam
320 1677 400 1719 usque.
432 1662 538 1704 Nondum
549 1666 638 1718 captum
649 1666 683 1704 est
695 1661 826 1704 Dubtinum.

231 1733 347 1776 Habemus
368 1733 404 1775 bic
425 1733 467 1774 Dei
487 1732 594 1775 beneficio
619 1737 652 1776 tot
674 1747 735 1775 arma
755 1737 808 1788 quot
835 1733 948 1775 sufficiunt
968 1733 1053 1776 duobus

185 1803 283 1846 mittibus
293 1802 440 1845 instruendis.
458 1802 525 1845 Urbis
537 1806 624 1846 nostrae
634 1803 758 1845 custodiam
769 1807 792 1845 et
802 1803 968 1858 praefecturam,
980 1804 1050 1859 primo

184 1890 223 1931 pro
240 1875 314 1931 Regis,
331 1874 411 1916 deinde
425 1888 464 1929 pro
480 1878 555 1916 nostro
572 1888 614 1916 usu
634 1875 755 1916 retinemus
772 1889 796 1915 ac
812 1887 956 1925 reservamus,
978 1874 1052 1917 nullos

183 1947 243 1988 enim
259 1945 344 2001 Angtos
360 1944 387 1986 ad
403 1958 444 1987 nos
460 1944 560 1987 accedere
577 1945 673 1987 sinimus
689 1958 729 1986 nec
750 1943 901 1987 Hibernorum
926 1959 1051 2001 quenquam

180 2018 244 2061 nobis
254 2017 401 2074 praeficimus.
937 2013 939 2016 ”

240 2105 352 2158 Limerici,
364 2106 388 2147 in
399 2104 513 2156 Hibernia,
526 2105 554 2146 28
565 2083 686 2156 Februarii,
699 2104 765 2156 1641,
778 2104 828 2159 styt.
839 2108 882 2148 ret.

586 2420 656 2463 GVH.

280 2533 386 2575 Exraaor
402 2545 461 2575 raon
477 2533 571 2575 Lnrrna
587 2546 613 2575 or
629 2532 686 2575 Ray.
703 2532 804 2574 Ennurn
821 2532 906 2573 Darna
922 2545 949 2574 ro

370 2603 411 2646 Fa.
427 2603 492 2645 Luna
507 2604 628 2657 Wannrrc,
646 2604 687 2646 lsr
697 2602 857 2653 Aram,1642.

449 2712 509 2754 (Fron
521 2722 557 2744 rua
571 2713 599 2745 Sr,
611 2712 704 2745 Ismona’s
716 2711 777 2751 MSS)

178 2815 244 2858 Facu
261 2814 373 2857 Gnosrrnn
389 2825 414 2855 ur
430 2810 553 2854 Barrranr.

223 2892 236 2933 Ι
246 2905 281 2933 am
291 2904 351 2947 upon
367 2905 405 2946 my
420 2889 538 2945 departure
554 2886 689 2930 homewards
704 2887 728 2929 in
739 2901 750 2928 a
761 2885 847 2929 French
858 2885 910 2930 bark
921 2887 994 2932 bound
1010 2889 1043 2933 for

178 2959 308 3011 Watertord,
321 2960 365 3003 and
375 2964 417 3004 two
428 2959 527 3016 captains
538 2958 562 3001 of
570 2972 610 3001 our
620 2961 762 3013 countrymen
773 2958 796 2999 in
807 2972 844 3014 my
852 2973 965 3015 company.
996 2960 1042 3004 But

178 3033 217 3075 fea
228 3031 280 3087 days
290 3034 348 3087 past,
368 3031 433 3074 above
449 3030 526 3096 eighty
541 3028 640 3085 captains
656 3027 699 3072 and
709 3028 772 3072 other
788 3028 871 3072 officers
887 3030 929 3073 and
941 3030 1040 3082 soldiers,
