2416 3337
455 150 599 180 srrornuerun
613 150 756 180 ossoarnrsu.
998 139 1042 183 297

175 302 292 346 foederatis
303 301 341 357 qui
352 300 450 355 quotidie
460 289 520 355 ipsas
531 299 676 354 experiuntur
683 302 705 341 et
711 298 786 341 dolent
797 303 820 341 et
826 299 973 343 nihilominus
981 303 1044 356 quasi

175 388 252 428 sopore
261 372 333 427 aliquo
345 369 443 427 depressi
453 369 487 412 vel
494 369 567 426 aliqua
577 369 721 412 fascinatione
733 370 802 429 coacti
817 373 855 412 aut
870 369 957 412 viuculo
973 370 1044 426 aliquo

175 441 274 497 obligati,
286 440 314 483 ad
324 440 374 483 illas
382 439 541 496 praecavendas
550 444 572 482 et
579 440 749 496 praeveniendas
758 454 803 483 nou
811 441 933 483 excitantur
941 454 1046 496 generose

175 512 235 555 utin
251 511 300 554 aliis
318 511 384 554 rebus
403 510 481 554 solent.
512 510 558 553 Nec
575 510 662 553 difficile
678 511 774 567 profecto
793 515 827 554 est
845 511 900 554 tales
919 512 1045 568 dignoscere

175 588 240 627 artes.
272 583 409 640 Quicumque
425 583 484 626 enim
500 582 560 626 uidet
576 582 631 625 duos
648 586 670 625 et
681 582 739 625 ultra
755 597 825 626 anuos
836 583 918 626 frustra
934 584 1046 639 impensos

174 658 198 700 in
208 658 304 699 tractatu
314 655 373 712 pacis
384 669 435 698 curn
445 654 563 698 immodico
575 654 739 698 Catholioorum
748 655 863 711 dispendio
874 659 896 698 et
904 655 1043 707 detrimento,

174 727 233 770 ridet
244 728 311 770 etiam
321 727 378 770 nihil
388 727 447 770 aliud
456 726 541 770 intendi
549 741 614 784 quam
623 726 715 771 diversis
722 727 794 771 modis
801 727 910 771 debilitari
919 727 1044 771 Catholicos

174 799 264 854 etiuter
275 799 406 855 semetipsos
417 798 492 842 dividi.

476 983 738 990 Ἣ

562 1160 661 1204 CXXXI.

174 1276 269 1320 Lnrrna
284 1290 311 1319 or
328 1277 443 1320 Cannium,
459 1276 525 1318 Roua
540 1289 567 1318 ro
583 1289 628 1318 rua
647 1275 755 1318 Suranuu
777 1276 878 1320 Cetrora
893 1290 918 1320 rr
933 1277 1042 1328 manaan,

483 1349 544 1392 lire
559 1347 650 1398 urraca,
669 1347 733 1390 1646.

389 1505 391 1508 Ι
452 1457 511 1498 (Faou
524 1465 561 1488 rna
575 1456 603 1488 Sr.
615 1456 707 1489 Ismoun’s
721 1456 780 1498 MSS.)

174 1547 234 1591 Ioui.
250 1561 280 1593 ar
295 1549 377 1594 Rarum.
393 1550 463 1592 Duru.

222 1631 347 1676 Catholicae
363 1632 486 1689 Religionis
500 1631 562 1674 zelus
576 1645 619 1687 quo
629 1631 679 1672 DD.
690 1630 736 1672 VV.
747 1630 782 1672 ill.
794 1633 896 1674 aestuant
912 1644 957 1675 non
972 1646 1045 1675 meam

176 1707 265 1746 tanturn
283 1704 307 1747 in
326 1705 447 1748 Hiberniae
465 1703 569 1759 Regnum
582 1701 713 1745 charitatem
730 1702 834 1745 excitauit
852 1702 890 1746 sed
908 1706 930 1745 et
947 1704 1045 1755 omnium

176 1789 231 1831 quos
241 1775 276 1819 vel
283 1775 360 1819 leviter
370 1776 415 1819 Res
431 1775 551 1818 christiana
562 1774 641 1831 tangit.
673 1774 753 1817 Fateor
764 1776 839 1817 tamen
851 1789 886 1817 me
897 1789 922 1817 eo
933 1775 1046 1818 ardentius

176 1846 198 1888 in
208 1850 280 1888 vestra
289 1846 368 1889 Sancta
379 1846 488 1889 desideria
498 1845 551 1888 ferri
561 1859 626 1902 quoa
637 1845 760 1901 Majoribus
775 1860 788 1888 a
803 1845 851 1888 Deo
868 1846 952 1889 Gratiis
969 1850 1046 1889 auctus

176 1916 275 1972 ejusdem
286 1917 329 1960 Dei
340 1917 439 1961 Gloriam
447 1914 642 1973 'proximorumque
655 1916 754 1959 Salutem
764 1916 820 1958 mihi
839 1917 862 1958 in
872 1917 951 1972 primis
961 1918 1046 1960 incum-

176 1988 227 2031 bere
247 1988 353 2031 noverim.
388 1989 437 2031 Scio
454 1987 511 2030 nihil
530 1991 569 2029 aut
586 2002 665 2043 parum
681 2001 730 2029 mea
748 1987 771 2029 in
789 1987 840 2028 DD.
858 1987 903 2029 VV.
919 1987 956 2030 ΠΙ.
973 1988 1046 2031 studia

176 2058 290 2115 profuisse.
324 2057 366 2100 Sed
377 2057 510 2101 Altissimus
520 2057 558 2113 qui
569 2057 631 2100 corda
641 2057 743 2100 intuetur
753 2060 774 2099 et
784 2057 820 2113 pia
828 2056 945 2101 Servorum
954 2072 1044 2102 suorum

176 2128 285 2172 desideria
301 2129 391 2172 exaudit
408 2143 452 2172 non
463 2129 561 2185 patietur
578 2132 671 2172 uestrasv
684 2143 723 2185 pro
738 2128 859 2172 Hiberniae
877 2128 954 2185 Regno
970 2144 1044 2186 preces

177 2214 254 2243 vacuas
264 2200 340 2243 redire.
371 2199 431 2243 Illud
441 2198 497 2242 mihi
507 2204 634 2256 pergratum
646 2200 689 2243 fuit
700 2200 797 2256 quedl).
808 2199 934 2244 Riehardus
945 2200 1045 2258 Bellings

177 2273 204 2317 ad
214 2277 310 2317 vestram
320 2272 421 2316 notitiam
432 2286 480 2315 mea
496 2287 535 2330 pro
553 2276 625 2315 restra
643 2272 720 2316 Gloria
741 2277 764 2316 et
780 2272 903 2329 Religionis
921 2273 1046 2316 Catholicae

177 2347 312 2390 incremento
324 2349 346 2388 et
354 2344 431 2388 florido
443 2348 501 2395 statu
513 2345 611 2388 ardentia
621 2349 672 2388 vota
684 2345 805 2396 deduxerit,
815 2344 880 2402 longe
891 2346 975 2402 gratius
990 2345 1047 2402 quod

177 2431 216 2474 pro
226 2421 299 2461 vestra
310 2416 448 2459 humanitate
458 2416 499 2458 hoc
510 2415 604 2458 libenter
615 2415 738 2468 audieritis,
751 2419 772 2458 et
782 2416 862 2459 restris
873 2416 900 2458 ad
915 2431 952 2459 me
968 2416 1047 2459 litteris

177 2492 286 2532 testatum
295 2488 414 2531 volueritis.
445 2487 523 2530 Precor
535 2487 716 2544 Omnipoteutem
725 2487 772 2530 DD.
782 2487 829 2530 VV.
837 2487 873 2529 ΠΙ.
882 2487 945 2538 adsit,
956 2490 1047 2529 conatus

179 2560 266 2616 dirigat,
277 2559 414 2616 triumphare
425 2559 452 2602 de
462 2558 526 2602 Fidei
536 2558 638 2602 hostibus
649 2559 761 2611 concedat,
772 2562 799 2601 ut
807 2558 901 2614 denique
915 2558 939 2599 in
953 2556 1047 2612 gloriosa

178 2635 201 2675 et
216 2631 321 2674 diuturna
339 2631 394 2674 Pace
413 2631 564 2688 conquiescere
580 2630 644 2673 detur
662 2644 741 2687 meque
759 2629 807 2673 DD.
824 2628 871 2671 VV.
887 2626 922 2670 Ill.
941 2641 967 2668 ex
983 2625 1046 2669 corde

178 2701 315 2745 commendo.

224 2802 309 2847 aarum
321 2802 451 2859 naturate
463 2805 491 2851 17
503 2803 589 2857 uttan,
601 2802 666 2846 raro.
689 2782 691 2785 ’

588 2898 636 2942 uu.
649 2880 699 2941 uu?
707 2888 743 2939 ur
752 2892 924 2943 auctorisantes,

862 2986 931 3030 Caua.
942 2985 1017 3030 Roua.
