2416 3337
404 183 548 214 srrornneruur
565 183 723 223 ossoarnusa„
963 173 991 214 83

123 330 210 385 publice
223 334 246 371 et
264 329 366 384 privatim
385 325 564 382 reprehendebat,
584 327 668 369 monita
688 327 772 377 salutis,
792 326 883 369 consilia
893 327 995 369 omnibus

123 399 195 441 dabat
221 398 290 439 Hisce
301 398 398 448 tandem,
410 400 432 438 et
443 395 554 438 similibus
564 396 674 438 laboribus
686 397 776 438 affectus
786 411 824 452 per
834 396 917 438 multos
928 409 997 442 annos

123 468 186 508 fortis
201 467 238 508 hic
255 467 309 509 Jesu
326 466 411 509 Christi
426 465 498 516 miles,
512 465 535 507 in
547 465 667 508 orthodoxa
683 466 726 507 fide
737 466 915 509 constantissime
925 478 997 520 perse-

122 550 207 587 uerans,
226 538 294 588 semo,
315 537 492 591 infirmatateque
506 535 567 587 (nam
586 536 741 590 octogenarius
759 536 813 587 1111)
833 536 953 589 confectus,
973 535 996 575 in

122 605 200 660 oppido
211 607 270 662 quod
279 607 339 649 Nare
356 607 380 648 in
399 606 498 661 Lagania
513 600 625 661 prouincia
641 604 728 657 dicitur,
742 606 809 648 evita
827 606 929 648 discessit
939 605 995 646 circa

122 677 284 728 annum1577‚
297 678 359 731 cujus
375 691 456 733 corpus
472 676 495 718 in
512 675 571 717 dicto
587 675 666 731 oppido
683 675 795 732 sepultum
804 676 870 730 jacet,
882 674 996 729 multaque

123 746 158 799 (ut
168 746 209 789 fide
220 747 282 803 digni
293 748 412 801 testantur)
425 747 493 789 edidit
503 747 616 788 miracula.

168 817 310 859 Guillielmus
317 818 421 860 Walseus
428 817 541 859 Medensis
549 817 621 873 Epus.
630 816 754 873 theologiae
762 816 844 868 doctor,
855 815 931 858 eodem
939 818 994 857 tem-

122 899 180 939 pore,
192 886 319 941 eisdemque
328 887 373 928 fere
383 887 457 936 rebus,
474 890 496 927 et
512 886 577 928 modo
592 891 689 937 uexatus,
708 887 857 942 spoliatusque
868 887 917 937 luit,
930 899 955 926 ac
970 886 994 926 in

122 955 239 1009 pristinam
261 955 339 997 deinde
363 955 501 1009 dignitatem,
526 959 624 1010 tempore
640 956 739 1010 Reginae
756 957 846 1006 Mariae,
868 956 994 998 restitutus.

123 1023 276 1066 recreantem
288 1025 360 1080 Regni
372 1038 497 1066 successore
513 1023 652 1074 Elizabetha,
669 1025 750 1066 iterum
766 1025 869 1066 omnibus
880 1023 995 1079 spoliatus,

122 1094 146 1134 in
166 1107 318 1150 carceremque
341 1095 454 1149 conjectus
473 1094 523 1143 fuit,
549 1093 690 1149 compedibus
716 1093 830 1149 illigatus:
857 1092 931 1148 ibique
958 1091 996 1133 diu

123 1164 241 1206 detentus:
258 1165 310 1219 quia
327 1163 416 1206 nolebat
433 1163 539 1219 perfidam
555 1164 716 1206 haereticorum
735 1168 817 1206 sectam
838 1164 907 1218 sequi,
924 1175 996 1217 neque

122 1233 230 1288 Reginam
243 1248 291 1276 esse
301 1234 414 1276 Ecclesiae
425 1237 490 1289 caput
500 1233 606 1288 profiteri,
622 1234 690 1276 donec
701 1246 765 1275 verus
776 1232 814 1274 ille
824 1232 936 1274 Ecclesiae
947 1244 996 1286 pro-

122 1308 231 1358 pugnator
247 1292 346 1345 Deusin
362 1317 450 1346 seruum
470 1317 535 1345 suum
553 1304 623 1345 tantis
641 1303 774 1346 cruciatibus
791 1303 902 1353 affectum,
919 1301 995 1343 oculos

122 1374 207 1415 diuinae
228 1374 390 1415 misericordiae
410 1373 497 1428 plenius
524 1375 648 1429 conjecerit,
670 1388 765 1430 eumque
786 1373 813 1415 ab
839 1373 877 1415 illa
898 1377 993 1414 tartarea

121 1442 245 1497 Anglorum
257 1443 320 1483 fauce
332 1443 413 1493 (soluta
431 1442 517 1485 custodi
535 1443 629 1498 quadam
646 1444 752 1498 pecuniae
770 1442 868 1494 summa)
880 1443 992 1497 eripuerit.

122 1512 166 1561 Qui
176 1515 239 1553 nacta
250 1511 387 1562 comoditate,
401 1512 457 1554 clam
468 1514 573 1567 profugus
584 1513 607 1553 in
616 1512 755 1567 Hispaniam,
767 1513 863 1555 maximo
874 1526 925 1554 cum
936 1513 994 1553 ritae

121 1580 224 1635 periculo,
238 1594 262 1622 se
272 1581 373 1632 contult,
385 1585 408 1623 et
418 1585 444 1623 ut
459 1594 523 1624 uerus
541 1581 671 1623 christianae
682 1582 796 1636 religionis
805 1583 916 1637 professor
927 1581 992 1623 Gom-

121 1650 185 1706 plau,
201 1649 259 1706 quod
278 1654 311 1693 est
330 1650 452 1706 Hispaniae
471 1651 584 1706 oppidum,
603 1650 668 1706 uulgo
686 1651 762 1693 Alcala
781 1652 807 1693 de
826 1651 934 1701 Henares,
948 1651 995 1705 ejus

121 1720 217 1762 animae
229 1721 429 1775 corporisrinculis
447 1721 474 1763 ad
492 1721 623 1763 salvatorem
642 1734 708 1762 suum
727 1721 806 1764 Jesum
821 1720 890 1776 Xpm.
903 1719 996 1762 evolavit

121 1789 178 1830 circa
189 1803 272 1850 annum
283 1790 349 1847 1578.
381 1791 441 1833 Ante
452 1792 498 1846 ejus
516 1795 611 1832 mortem
630 1790 712 1832 ibidem
730 1805 774 1833 non
786 1791 855 1833 semel
866 1789 931 1832 illurn
943 1788 995 1831 allo-

121 1863 185 1901 cutus
197 1873 254 1909 sum,
266 1860 389 1915 intimaque
400 1861 497 1903 amicitia
507 1860 541 1902 illi
548 1862 641 1916 junctus
652 1860 691 1902 sui.

165 1929 285 1970 Mauritius
295 1929 419 1973 Gibbonius
426 1931 548 1986 Archepus.
559 1930 715 1981 Cassilliensis
721 1931 749 1973 cb
757 1931 906 1973 defensionem
914 1928 994 1972 Catho-

121 1998 174 2040 licae
185 1997 242 2048 fidei,
255 1999 282 2041 ab
292 1998 394 2042 hereticis
404 2001 476 2042 multa
486 2014 565 2056 passus
585 2004 625 2050 est,
645 2001 793 2056 omnibusque
810 2001 874 2043 bonis
886 2001 932 2043 suis
944 2013 993 2054 spo·

120 2067 188 2108 lictus
198 2068 248 2118 ruit,
265 2068 355 2110 tandem
372 2074 398 2111 ut
415 2075 498 2124 peteret
516 2070 632 2120 auxilium,
651 2074 765 2124 tamquam
781 2070 840 2121 exul,
852 2074 874 2111 et
884 2070 992 2124 profugus

120 2137 143 2178 in
154 2136 287 2190 Hispaniam
298 2138 373 2192 fugere
384 2142 472 2180 coactus
483 2143 523 2189 est,
536 2143 558 2180 11
568 2140 592 2179 in
604 2138 689 2180 ciuitate
700 2139 832 2189 Portuense,
845 2142 896 2193 post
907 2137 990 2179 multos

119 2205 209 2255 labores,
222 2205 318 2255 animam
330 2206 368 2248 deo
379 2207 481 2258 reddidit,
492 2209 549 2249 circa
558 2221 642 2249 annum
653 2207 737 2249 domini
749 2209 814 2253 1578.

164 2275 299 2318 Edmundus
311 2276 431 2327 Tannerus,
444 2276 587 2333 Ocreagensis
598 2282 620 2319 et
632 2277 749 2319 Clonensis
757 2278 837 2333 Rpus.,
847 2290 920 2319 sacrae
929 2276 992 2319 theo·

119 2345 190 2401 legiae
200 2345 282 2395 doctor,
292 2347 499 2403 commissariusque
506 2348 615 2403 generalis
625 2348 707 2389 summi
721 2348 831 2403 pontificis
842 2348 866 2390 in
876 2348 993 2399 Hibernia,

120 2429 170 2456 cum
179 2429 218 2470 per
226 2414 322 2457 diversas
331 2417 393 2471 regni
401 2405 474 2472 partes
485 2432 578 2459 munere
587 2418 703 2473 episcopali
712 2418 848 2473 iungeretur,
858 2418 994 2460 Glonmeliae

119 2499 215 2527 unacum
224 2499 264 2527 suo
274 2485 384 2541 capellano
393 2488 419 2529 ab
428 2487 530 2530 hereticis
538 2492 617 2543 captus
626 2490 675 2530 etin
683 2489 822 2545 ergastulum
830 2489 941 2543 conjectus
950 2492 991 2530 est.

120 2555 165 2597 Ubi
176 2555 293 2610 aquodam
307 2556 446 2600 schismatico
463 2559 561 2613 episcopo
578 2559 681 2601 visitatus
698 2573 766 2614 quem
781 2563 832 2614 post
842 2558 937 2600 diversas
948 2557 993 2599 dis·

119 2625 244 2678 putationes
253 2630 276 2667 et
284 2628 429 2669 conferentias
438 2628 465 2670 ad
474 2628 583 2683 gremium
593 2628 684 2674 Sanctae
692 2630 770 2670 matris
779 2628 881 2670 ecclesiae
891 2627 977 2669 reduxit
985 2642 991 2678 ;

119 2697 142 2735 at
152 2708 201 2736 uero
211 2699 263 2749 post
273 2696 356 2750 aliquot
367 2696 421 2747 dies,
434 2697 477 2740 Dei
487 2702 508 2740 et
526 2698 643 2754 cujusdam
658 2699 791 2741 nobilissimi
802 2699 890 2740 comitis
901 2697 988 2748 auxilio,

119 2767 130 2804 e
142 2764 239 2807 custodia
250 2765 357 2809 dimissus
367 2771 441 2809 toturn
452 2769 496 2811 fere
506 2783 601 2825 regnum
617 2769 760 2812 discurrendo
770 2769 899 2825 peragravit,
913 2767 985 2809 Sacra-

118 2838 193 2875 menta
211 2834 296 2890 aliaque
315 2836 382 2879 officia
400 2838 481 2889 diuina,
501 2843 526 2881 111
545 2839 722 2882 commissarium
740 2844 762 2881 et
780 2840 905 2894 episcopum
916 2836 985 2888 decet,

118 2900 173 2942 clam
193 2903 290 2958 (propter
308 2908 483 2961 persecutionem
501 2909 672 2961 haereticorum)
691 2909 839 2957 ministrabat,
859 2921 902 2962 qua
920 2907 943 2949 in
962 2921 985 2949 re

118 2971 205 3014 infirma
221 2977 287 3017 utens
306 2977 438 3031 ualetudine,
458 2994 496 3035 per
514 2986 608 3036 quatuor
627 2995 695 3024 annos
711 2978 871 3036 perseveratum
895 2978 988 3024 tandem
