2416 3337
498 250 643 281 SPIGHAEGIUM
659 251 802 282 OSSORIENSE.

623 458 684 500 XLI.

232 573 343 617 Parrrron
353 588 381 616 or
389 575 454 616 1111111
465 575 564 617 Bisaors
574 587 617 616 roa
627 587 655 616 111
671 585 779 616 1111111111
791 586 815 615 nr
831 586 876 615 rna
893 572 1030 633 Hrnaaacnr
1042 585 1069 614 or

443 645 560 696 Eneaaun,
574 646 618 688 9111
628 644 758 695 Fncnunnr,
777 644 843 685 1630.

217 757 308 810 larun,
323 760 361 801 cbo.

260 829 329 870 Vetus
338 832 373 886 est
383 831 405 870 et
413 828 440 870 ab
450 828 605 884 antiquissima
615 828 700 882 origine
708 826 780 878 ducta,
790 827 874 882 norisq.
886 827 1009 870 rationibus
1023 840 1083 870 com-

214 899 297 950 munis,
307 913 361 954 quae
371 913 421 940 curn
430 898 548 942 Catholicis
557 899 581 941 in
589 899 670 955 Anglia
680 898 796 941 intercedit
805 898 930 941 Catholicae
940 899 965 940 in
973 899 1084 941 Hibernia

212 973 300 1011 nostrae
308 968 426 1012 Ecclesiae.
458 968 516 1012 Nam
524 973 546 1011 et
558 969 672 1025 primarios
681 968 788 1026 quosdam
796 969 848 1012 fidei
856 974 939 1012 satores
948 970 1031 1026 accepit
1038 984 1084 1012 una

211 1039 271 1081 natio
276 1039 303 1082 ab
311 1039 385 1092 altera,
391 1053 445 1096 quae
452 1039 522 1082 vicem
528 1044 605 1096 postea
611 1040 684 1082 reddit
691 1054 740 1082 cum
747 1044 809 1096 grata
815 1040 916 1082 beneficii
923 1041 1005 1096 accepti
1011 1054 1083 1083 recor.

212 1108 308 1152 datione.
331 1110 399 1153 Porro
408 1111 500 1166 utriusq.
507 1111 604 1153 nationis
615 1110 657 1153 sub
665 1111 731 1154 unius
739 1112 819 1166 sceptri
827 1112 875 1167 jure
887 1112 1018 1154 consociatio
1030 1112 1083 1153 facit

212 1184 324 1223 consortes
335 1181 405 1236 ejusd.
417 1182 517 1223 fortunae
528 1185 550 1223 et
561 1181 699 1232 conditionis,
711 1185 736 1225 ut
752 1181 820 1224 altera
836 1181 898 1223 alteri
910 1182 967 1224 sicut
977 1182 1000 1222 in
1016 1181 1081 1224 bonis

212 1252 355 1308 congaudere,
368 1254 399 1295 sic
415 1253 438 1294 in
448 1252 513 1294 malis
528 1252 642 1294 condolere
658 1252 742 1294 debeat.
775 1253 832 1295 (tum
847 1251 916 1307 igitur
931 1251 1081 1306 experimento

211 1327 286 1364 nostro
303 1323 363 1373 satis,
377 1336 484 1378 superque
496 1325 631 1377 compertum
642 1320 769 1373 habeamus,
782 1324 887 1377 quantam
895 1321 1005 1377 jacturam
1018 1324 1080 1376 pate-

210 1396 287 1434 rentur
302 1407 336 1435 res
347 1393 399 1435 fidei
410 1393 467 1448 apud
478 1406 525 1443 nos,
545 1392 563 1435 si
580 1392 612 1434 vel
628 1392 770 1434 Hierarchiae
786 1392 954 1434 Ecclesiasticae
965 1391 1079 1448 spectabili

208 1463 261 1505 facie
273 1464 391 1506 carendum
401 1467 458 1506 esset
469 1477 507 1520 per
517 1466 591 1505 totum
601 1463 712 1519 Regnum,
720 1463 753 1505 rel
762 1464 829 1505 etiam
837 1477 875 1518 per
884 1463 983 1506 diversas
991 1464 1068 1506 Pi·ov²³'

208 1534 227 1575 si
233 1535 332 1590 proprios
340 1534 480 1586 Hierarohas,
489 1538 511 1576 et
521 1533 590 1589 Epos.
601 1534 701 1589 singulae
709 1547 753 1576 non
760 1534 873 1584 haberent,
882 1533 963 1589 quibus
972 1535 1078 1590 quoniam

207 1609 305 1662 utrumq.
320 1607 433 1662 provisum
448 1610 481 1648 est
492 1605 519 1648 de
529 1605 623 1661 propriis
639 1605 771 1659 pastoribus,
784 1608 854 1647 cetera
865 1604 929 1647 nobis
945 1605 1041 1657 laetiora,
1053 1612 1075 1649 et

208 1678 312 1733 gregibus
322 1679 377 1721 nris.
389 1678 473 1720 alendis
484 1680 506 1719 et
515 1676 617 1732 regendis
628 1675 775 1718 commodiora
785 1676 926 1731 contingunt.
957 1676 1014 1719 Nam
1025 1676 1077 1720 hinc

209 1751 230 1788 et
245 1747 358 1803 religionis
374 1748 505 1790 orthodoxae
517 1746 622 1802 aptiorem
634 1760 740 1797 normam,
750 1750 773 1788 et
780 1747 869 1788 unionis
881 1760 905 1788 ac
916 1747 1077 1800 communionis

208 1818 426 1860 accommodatiorem
435 1818 547 1860 tramitem
558 1831 600 1859 usu
615 1817 663 1872 ipso
675 1817 805 1873 experimur,
818 1821 839 1859 et
855 1831 920 1872 opere
937 1819 1075 1873 exequimur.

208 1888 240 1930 Et
251 1889 303 1945 qnia
313 1890 384 1932 vicina
394 1890 457 1932 nobis
469 1889 529 1931 natio
539 1887 662 1944 Anglicana
672 1901 712 1943 pos
733 1888 785 1931 fidei
801 1888 921 1931 divortium
932 1902 944 1930 a
956 1889 1076 1933 schismate

207 1958 341 2011 inchoatum,
354 1963 376 2002 et
391 1960 414 2001 in
430 1959 538 2001 haeresim
554 1958 643 2000 tandem
659 1958 794 2009 induratum,
812 1958 918 2013 dissipata
932 1958 1075 2003 Hierarclriae

206 2029 344 2085 Episcopalis
364 2028 505 2085 conspicabili
525 2028 668 2079 successione,
688 2042 746 2070 nunc
767 2028 856 2070 tandem
877 2029 901 2070 in
917 2028 974 2071 dieb.
991 2031 1074 2074 nostris

204 2114 284 2156 magno
295 2100 338 2143 Dei
353 2101 457 2143 beneficio
469 2100 576 2156 respirare
587 2100 651 2155 cepit,
664 2103 686 2142 et
696 2099 832 2155 postliminio
842 2100 886 2142 frui
895 2100 979 2144 solatiis
990 2103 1074 2158 proprii

203 2172 314 2214 Praesulis
331 2174 352 2214 et
369 2171 474 2221 Pastoris,
490 2184 556 2225 quem
575 2169 638 2212 modo
653 2170 753 2212 obtinent
766 2184 817 2213 oum
832 2173 957 2225 potestante
972 2172 1072 2228 jurandi,

203 2243 296 2295 solandi,
308 2247 330 2285 et
340 2242 477 2299 gubernandi
486 2242 593 2297 populum
603 2241 698 2294 fidelem,
711 2242 764 2297 eisq.
777 2242 931 2298 suppeditandi
942 2256 968 2285 11
983 2243 1070 2295 auxilia,

203 2329 258 2370 quae
269 2314 373 2369 pastorali
389 2314 593 2356 subministratione
603 2312 703 2368 praeberi
711 2316 813 2368 possunt,
825 2312 848 2355 id
858 2313 894 2368 qd.
907 2313 974 2356 etiam
984 2314 1009 2356 fit
1021 2328 1072 2357 cum

203 2386 299 2427 inaximo
315 2385 387 2426 huotu
400 2384 569 2427 Catholicorum.
596 2384 628 2426 Et
639 2384 690 2440 quia
700 2387 758 2426 certa
773 2384 817 2425 fide
833 2398 874 2426 nos
884 2384 936 2426 inde
948 2385 1071 2440 accepimus

203 2456 270 2497 unius
279 2454 376 2496 hominis
383 2455 522 2509 quantumvis
529 2455 567 2510 pii,
578 2455 650 2505 aelosi,
661 2458 683 2496 et
692 2454 804 2509 diligentis
812 2453 945 2495 industriam
954 2467 998 2496 non
1006 2468 1070 2509 posse

203 2526 301 2569 sufficere
319 2528 395 2566 tantae
405 2525 543 2567 multitudini
554 2526 736 2575 Orthodonorum,
749 2538 789 2566 nec
799 2524 889 2566 lustrari
905 2524 932 2566 ab
943 2538 987 2566 uno
1005 2539 1069 2580 posse

200 2600 290 2638 tantum
300 2599 409 2637 terrarum
420 2594 535 2645 ambitum,
547 2595 590 2638 nisi
600 2596 671 2638 multo
681 2598 779 2650 tempore
791 2597 813 2635 et
824 2607 904 2649 magno
914 2594 1009 2650 periculo
1020 2598 1069 2639 tum

200 2669 271 2724 ipsius
290 2666 443 2715 risitatntoris,
461 2669 510 2707 tum
528 2667 594 2708 etiam
614 2666 742 2709 visitandor.
760 2665 905 2720 populorum;
929 2679 979 2708 eum
997 2666 1069 2711 debita

199 2738 337 2782 observantia
354 2735 520 2793 proponendum
546 2737 719 2778 existimavimus
739 2734 762 2776 S.
785 2735 877 2789 (longui.
897 2735 923 2777 de
948 2735 971 2777 F.
993 2736 1066 2793 Prop„

198 2814 223 2852 ut
249 2809 338 2866 provida
364 2807 558 2862 circumspectione
580 2807 681 2862 dignetur
706 2806 757 2848 huic
782 2806 909 2848 necessitati
935 2820 1065 2861 succurrere,

198 2882 233 2938 qd.
256 2881 354 2937 apposite
373 2879 420 2921 fieri
438 2891 503 2934 posse
521 2877 613 2928 ridetur,
637 2878 656 2920 si
676 2890 781 2919 numerus
802 2875 937 2920 Antistitum
961 2885 1066 2936 augeatur
1094 2904 1095 2907 ¹

197 2953 224 2996 ad
239 2953 368 3003 ternarium,
392 2955 416 2993 ut
438 2949 522 3006 singuli
543 2948 636 2991 sollicite
652 2947 771 3004 advigilent
792 2962 842 2990 cum
862 2948 971 2992 ordinaria
991 2955 1065 3007 potes-

197 3028 242 3066 tate
271 3024 328 3065 inter
359 3036 395 3065 eos
427 3020 503 3070 divisa,
536 3019 570 3062 rel
600 3019 716 3072 conjuncta
747 3018 774 3060 iis
806 3020 883 3071 modis,
917 3024 939 3063 et
968 3021 1062 3076 legibus,

198 3095 277 3150 quibus
294 3095 316 3136 S.
329 3094 374 3136 Sua
390 3092 551 3136 decernendum
568 3090 682 3148 judicabit.
713 3090 748 3133 Ita
764 3090 860 3134 faciendo
876 3092 929 3135 cleri
947 3093 1061 3144 desiderio,
