2416 3337
207 248 250 290 168
494 260 637 291 srrornncrurr
654 260 796 291 ossoarrcrsn.

207 409 376 452 susurrationib.
393 414 414 453 et
429 410 542 466 injuriosis
553 410 692 466 opinionibus
704 410 761 461 freti,
774 424 801 452 ex
811 414 850 461 tot,
862 412 952 468 tantisq.
963 409 1026 453 bonis
1042 410 1083 452 111-7

207 479 281 523 debite
297 483 410 538 usurpatis
421 496 448 524 ne
458 482 577 524 minimum
588 482 677 538 quidem
688 485 778 538 erogant
789 483 812 525 in
823 483 889 538 Epos.
905 487 943 526 aut
961 482 1075 539 parochos,

208 552 247 608 qui
261 552 356 595 ferentes
367 552 453 608 pondus
468 552 512 595 diei
523 556 545 595 et
555 557 636 602 aestus,
648 553 716 595 vitam
728 553 751 594 iu
762 567 842 609 magna
852 558 949 609 egestate
956 554 1077 610 transigere

207 627 323 678 coguntur.
665 628 672 635 “
948 636 949 639 ’

247 694 458 750 Frequentissimam
466 696 532 737 etiarn
540 696 638 736 omnium
645 694 784 749 fermeEpor.
792 694 965 749 quaerimoniam
969 695 1042 738 audivi
1049 695 1076 737 de

207 765 343 808 turbulentia
352 766 532 815 Oistercensium,
544 765 581 820 qui
586 764 748 820 jurisdictionis
755 764 806 819 plus
815 779 882 820 aequo
888 765 930 807 sibi
937 769 1070 820 arrogantes,

206 850 252 877 non
263 837 334 878 solum
346 836 481 878 Monasteria
492 850 539 886 sua,
551 834 589 877 sed
600 839 622 877 et
632 834 726 877 Ecclias.
739 834 773 876 vel
784 834 901 896 Parochias
913 850 998 893 quoquo
1010 837 1076 878 modo

205 907 347 949 hlonasteriis
364 908 410 950 suis
421 907 524 958 adnexas,
541 911 562 948 et
578 906 698 948 hlonachos
716 919 768 949 suos
785 907 908 949 animorum
924 922 997 950 curam
1015 923 1075 950 01101-

205 981 286 1028 centes,
314 977 409 1033 Synodo,
431 977 561 1029 visitationi,
584 980 606 1020 et
625 977 754 1020 correctioni
771 976 839 1032 Epor.
857 977 997 1029 subtrahunt,
1017 978 1076 1021 uude

204 1048 356 1090 contentiones
365 1052 387 1090 et
398 1048 538 1092 scandalosae
549 1048 688 1091 confusiones
696 1041 825 1100 nascuntur,
832 1062 877 1090 non
889 1048 1074 1091 sineoffendiculo

205 1119 351 1162 intirmorum.
855 1116 858 1119 “

253 1190 281 1233 Id
292 1194 367 1233 autem
377 1192 472 1233 maxime
487 1190 601 1248 perturbat
617 1191 785 1234 Hierarchicum
801 1193 899 1248 regimen
916 1192 974 1247 apud
989 1205 1036 1242 nos,
1054 1196 1076 1233 et

207 1263 365 1304 exterminium
376 1264 469 1305 unitatis
480 1263 586 1306 Ecclicae.
597 1264 714 1320 praesagit,
726 1263 770 1305 nisi
778 1263 935 1318 tempestivum
946 1262 1076 1305 adhibeatur

206 1333 336 1383 remedium,
348 1337 374 1374 ut
385 1333 423 1388 qui
434 1347 518 1375 servare
529 1333 637 1375 unitatem
654 1333 745 1388 spiritus
761 1333 785 1373 in
795 1332 882 1375 vinculo
898 1333 968 1387 pacis,
980 1333 1075 1375 0100011-

201 1403 288 1458 jutores
300 1416 322 1444 se
333 1402 357 1443 iu
368 1403 431 1444 vinea
441 1403 492 1444 Dni.
504 1403 605 1445 exhibere
617 1402 728 1453 deberent,
737 1403 753 1444 ii
764 1402 817 1445 lolia
827 1403 983 1455 contentionis,
992 1403 1074 1454 litium,

205 1473 257 1522 odii,
271 1476 293 1514 et
303 1471 399 1515 invidiae
411 1472 564 1523 disseminant,
577 1487 601 1515 ac
613 1488 639 1515 011
649 1474 746 1528 pessima
760 1477 857 1516 semente
873 1473 938 1530 longe
956 1473 1075 1529 pessimam

206 1557 303 1586 messem
315 1543 429 1599 colligunt,
441 1558 493 1587 voce
504 1544 592 1600 quidem
604 1549 738 1595 enarrantes,
752 1544 790 1586 sed
801 1559 863 1600 opere
873 1548 1000 1587 enervantes
1008 1545 1075 1599 justi·

204 1614 249 1656 tias
259 1614 308 1665 Dei,
321 1628 381 1669 quor.
393 1614 511 1657 effraenata
526 1616 637 1657 contentio
646 1615 745 1670 proprior
755 1617 789 1656 est
805 1615 920 1657 excitando
929 1615 1042 1666 tumultui,
1054 1619 1075 1657 et

202 1685 352 1742 inquietudini
364 1685 476 1736 serendae,
489 1700 555 1742 quam
565 1685 717 1741 propagandae
727 1685 785 1735 fidei,
798 1690 836 1728 aut
847 1685 969 1736 charitatis,
987 1689 1074 1728 0110111-

203 1758 315 1812 perantiae
323 1756 432 1799 fructibus
438 1756 583 1812 percipiendis
593 1772 598 1808 3
609 1771 660 1812 erga
667 1756 736 1812 Epos.
746 1756 871 1798 etVicarios
879 1756 955 1799 Gnles.
964 1755 1074 1811 Apostoli-

205 1842 242 1870 cos
260 1828 404 1870 irreverenter
424 1841 446 1870 se
465 1832 551 1883 gerunt,
572 1827 743 1870 detractionibus
762 1828 909 1883 etobloquiis
929 1841 1018 1870 onerare
1030 1843 1075 1871 non

204 1899 364 1955 pertimescunt
368 1914 374 1951 ;
386 1914 425 1955 per
431 1899 547 1942 seditiosas
555 1899 713 1950 susurationes,
723 1903 745 1940 et
753 1899 912 1954 propositiones
927 1898 1074 1954 derogatorias

202 1969 372 2025 jurisdictionis,
399 1972 421 2012 et
444 1969 580 2012 auctoritatis
611 1969 679 2025 Epor.
710 1972 818 2011 conantur
846 1969 918 2025 gregis
941 1970 1025 2013 animos
1053 1975 1075 2013 et

204 2041 365 2084 observantiam
386 2040 413 2083 ab
435 2040 557 2083 Ordinariis
579 2040 626 2083 suis
646 2040 736 2096 penitus
758 2044 867 2091 avertere3
890 2040 979 2096 quidam
1005 2042 1073 2083 etiarn

202 2125 265 2166 aegre
296 2113 398 2164 ferentes,
428 2111 465 2168 qd.
488 2111 597 2154 Hibernia
626 2110 745 2166 pristinum
774 2109 886 2152 Ecclesiae
914 2111 1011 2166 regimen
1032 2126 1072 2167 per

202 2183 270 2239 Epos.
287 2187 309 2225 et
325 2183 429 2226 Pastores
447 2183 586 2239 postliminio
607 2183 694 2238 recepit,
717 2181 798 2238 populo
815 2183 939 2238 imponunt,
957 2183 1071 2239 quasiin-

202 2258 265 2309 gunt,
281 2253 366 2296 fabulas
382 2253 408 2296 de
423 2254 518 2310 quadam
535 2253 679 2304 Democratia,
691 2253 819 2295 felicitatem
836 2253 858 2294 in
875 2252 975 2295 libertate
990 2253 1072 2295 consti-

202 2329 306 2376 tuentes3
331 2324 448 2368 Nobilibus
467 2330 543 2368 autem
559 2329 581 2367 et
598 2324 711 2376 divitibus,
730 2324 769 2381 qui
786 2323 843 2367 bona
864 2324 956 2367 Ecclica.
974 2324 1072 2366 indebite

202 2399 318 2450 usurpant,
335 2395 466 2450 persuadere
482 2400 597 2447 conantur,
609 2396 645 2452 qd.
665 2409 709 2437 uon
728 2393 817 2450 expedit
834 2408 873 2449 pro
894 2393 936 2436 hoc
946 2398 1071 2449 temporum

203 2469 263 2509 statu
279 2466 348 2521 Epos.
360 2470 397 2508 aut
408 2466 518 2509 Parochos
534 2468 557 2508 in
568 2467 676 2510 Hibernia
691 2465 788 2527 institui,
805 2465 864 2507 unde
876 2464 966 2519 quidam
983 2478 1009 2506 ex
1024 2465 1071 2508 illis

202 2538 257 2581 eniti
265 2537 375 2586 videntur,
387 2551 467 2579 nomen
479 2542 501 2580 et
510 2552 593 2581 munus
603 2540 668 2594 Epor.
680 2543 702 2580 01
712 2535 857 2593 parochorum
869 2534 970 2578 odiosum
981 2535 1070 2578 reddere

200 2607 288 2665 populo.
322 2607 394 2657 Quare
409 2607 528 2650 verendum
540 2612 579 2659 est,
596 2623 624 2651 ne
635 2608 750 2664 paullatim
761 2606 820 2661 apud
839 2618 879 2648 nos
897 2609 970 2661 serpat
986 2605 1070 2649 heresis

199 2680 365 2729 Puritanorum,
378 2678 416 2734 qui
434 2678 461 2720 ab
476 2678 557 2722 Ecclia.
574 2679 617 2723 Dei
638 2680 706 2735 Epos.
728 2676 860 2733 ablegandos
878 2681 994 2728 asserunt3
1013 2693 1069 2734 quae

199 2751 283 2794 zizania
294 2750 348 2792 dum
365 2748 453 2805 singula
469 2749 556 2801 cadunt,
573 2750 719 2806 multiplicata
735 2752 862 2799 nascuntur,
875 2762 919 2790 non
931 2748 978 2790 sine
995 2752 1068 2806 strage

199 2822 291 2864 animar.
302 2820 368 2863 ruina
380 2823 402 2862 et
413 2819 542 2861 exterminio
552 2820 644 2862 unitatis
654 2820 774 2862 Ecclesiae.

244 2893 278 2936 Ne
288 2894 358 2949 igitur
375 2891 513 2948 periclitetur
524 2895 570 2933 tota
580 2892 643 2934 navis
654 2895 687 2933 tot
703 2889 812 2933 mercibus
828 2894 914 2941 onusta,
927 2894 948 2933 et
963 2895 1066 2947 111011011-

197 2966 269 3008 tocius
280 2964 421 3008 abstrahatur
431 2979 444 3006 a
455 2963 558 3020 scopulis,
571 2963 651 3019 quibus
667 2962 723 3005 illidi
733 2962 818 3018 incipit,
832 2966 855 3004 01
871 2962 961 3005 occultis
978 2962 1067 3006 alterca-

198 3036 283 3078 tionum
295 3035 374 3086 arenis,
385 3036 409 3078 in
425 3049 480 3092 quas
497 3035 579 3079 sensim
596 3039 617 3078 et
634 3034 681 3077 sine
693 3048 759 3077 sensu
775 3033 912 3091 impingitur,
929 3034 1024 3091 expedit,
1042 3040 1075 3078 ut.
