2416 3337
188 176 231 218 110
469 191 613 222 amomacum
629 193 772 224 ossoumrrsrr.

187 333 256 378 ducit.
294 337 345 393 Ipse
363 339 422 382 enim
444 341 585 396 omnipotens
607 338 677 393 Deus,
698 343 760 398 cujus
778 346 856 385 natura
876 340 970 393 bonitas,
993 342 1056 396 qu'us

188 405 299 451 Voluntas
309 411 415 465 potentia,
427 410 569 468 Majestatem
585 416 646 455 tuam
657 413 680 456 in
691 413 768 468 Regno
780 414 864 457 Scotiae
875 413 976 469 inprimis
987 410 1057 454 nobili

188 476 282 520 feliciter
292 484 420 536 regnantem
437 481 465 523 ad
480 496 562 525 norum
579 487 601 525 et
617 484 779 539 amplissimum
790 483 884 539 Angliae
896 483 998 539 Regnum
1008 495 1056 538 per-

188 547 252 590 duxit
269 555 291 593 et
307 555 329 594 te
346 553 428 609 duplici
446 567 525 596 corona
541 555 664 611 insignivit,
684 560 710 597 ut
723 556 790 612 (quod
805 557 829 598 in
847 556 908 598 omni
925 555 1057 610 antiquitate

189 618 296 663 eximium
308 626 341 664 est
352 626 373 664 et
384 624 477 666 fortasse
492 628 543 679 post
557 628 591 666 tot
606 625 742 668 saeculorum
754 628 836 667 aetates
846 625 870 666 in
881 625 999 666 Britannia
1010 624 1055 666 sin·

188 690 274 744 gulare)
302 693 335 735 Tu
361 707 419 735 unus
446 695 514 735 totius
540 694 690 736 nobilissimae
717 694 802 735 insulae
824 693 907 735 ditione
923 693 1016 748 potiaris
1032 696 1055 734 et

187 761 256 804 trium
268 764 334 805 simul
344 778 462 819 regnorum
468 764 563 819 Angliae
580 764 703 807 Scotiaeet
718 764 844 818 Hyberniae
861 764 910 805 Rex
925 763 1054 819 potentissi-

187 845 237 873 mus
248 835 271 873 et
281 834 401 875 nomineris
417 837 440 875 et
456 834 545 875 existas.
576 833 627 876 Non
642 833 696 876 haec
712 834 760 877 sine
776 834 819 876 Dei
834 837 892 876 nutu
908 837 930 875 et
946 832 1052 888 peculiari

185 900 233 954 ejus
244 903 335 943 numine
347 905 474 955 evenerunt,
486 917 541 959 quae
557 917 570 945 a
585 904 701 959 majestate
717 907 756 946 tua
771 904 860 959 penitus
876 902 1019 954 considerari,
1031 905 1054 944 et

185 971 231 1014 suis
249 972 383 1028 ponderibus
396 974 458 1029 juste
474 972 576 1029 expendi,
594 978 616 1016 et
630 974 682 1030 quid
697 978 811 1030 propterea
825 974 906 1017 debeas
921 987 945 1015 ac
960 987 1001 1029 pro
1017 976 1056 1015 tua

185 1043 303 1099 prudentia
313 1044 395 1100 optime
405 1044 503 1100 intelligi
513 1059 558 1087 non
575 1044 716 1088 dubitamus:
734 1046 856 1101 quinetiam
873 1045 905 1087 sic
921 1044 947 1086 de
957 1048 980 1086 te
991 1043 1056 1085 nobis

186 1114 281 1156 libenter
291 1115 450 1170 persuademus
460 1120 483 1159 te
494 1130 519 1158 eo
530 1116 605 1159 animo
616 1130 664 1159 esse
675 1120 701 1157 ut
712 1130 768 1172 quae
779 1131 791 1158 a
801 1116 848 1158 Deo
860 1116 964 1171 accepisti
975 1113 1003 1156 ad
1014 1114 1057 1155 Dei

187 1182 329 1240 potissimum
350 1186 442 1242 gloriam
463 1191 485 1230 et
506 1201 556 1229 curn
577 1192 666 1229 tuorum
693 1187 825 1242 populorum
846 1190 895 1227 tum
916 1197 1056 1226 communem

188 1254 326 1298 Christianae
337 1256 476 1312 Reipublicae
487 1256 662 1312 tranquilitatem
669 1256 767 1298 conferre
779 1259 863 1297 statuas
874 1258 897 1296 et
905 1252 1055 1308 concupiscas.

188 1325 259 1375 Quare
270 1339 311 1368 nos
325 1326 362 1381 qui
372 1327 425 1368 licet
440 1327 535 1381 impares
552 1330 575 1368 et
589 1327 697 1368 immeriti
713 1341 725 1367 a
740 1326 788 1367 Deo
803 1329 879 1367 tamen
896 1328 918 1366 61
933 1324 998 1366 Patre
1014 1323 1055 1365 mi-

187 1395 353 1437 sericordiarum
369 1396 392 1437 in
409 1395 450 1437 hac
467 1395 557 1438 sublimi
574 1395 662 1450 specula
683 1395 784 1437 collocati
804 1407 890 1446 sumus,
913 1407 964 1435 cum
980 1392 1006 1435 de
1017 1397 1056 1435 tua

185 1463 226 1505 hac
246 1468 292 1506 tam
313 1464 386 1519 ampla
406 1469 429 1507 et
449 1466 567 1522 magnifica
587 1467 716 1522 Regnorum
742 1467 867 1509 accessione
889 1465 1055 1519 accepissemus,

185 1537 291 1590 majorem
302 1550 326 1578 ea
338 1550 364 1578 61
379 1527 410 1587 16,
427 1551 493 1593 quam
503 1538 575 1581 verbis
590 1539 653 1581 facile
667 1539 774 1593 explicare
785 1549 909 1593 possemus,
921 1535 1056 1590 voluptatem

185 1606 303 1662 caepimus.
339 1606 423 1662 Regem
442 1608 502 1650 enim
526 1611 561 1650 tot
585 1612 676 1650 naturae
698 1608 833 1650 ornamentis
853 1606 964 1662 insignem
985 1604 1056 1647 multo

185 1691 311 1720 rerum-usu
321 1682 343 1720 et
353 1678 464 1733 praeclara
472 1679 566 1734 quadam
577 1679 646 1721 animi
654 1678 745 1721 lenitate
754 1682 775 1721 et
783 1678 932 1722 moderatione
943 1680 1056 1732 praestan-

186 1751 239 1799 tem,
249 1748 315 1803 louga
322 1761 396 1789 rerum
407 1748 463 1790 serie
473 1752 645 1804 propugnatum,
653 1763 678 1791 ea
688 1763 738 1791 vero
749 1752 818 1791 matre
829 1748 925 1790 foemina
935 1746 1056 1788 lectissima

186 1821 273 1870 natum,
291 1831 345 1874 quae
361 1818 422 1859 omni
438 1818 520 1874 pietate
537 1833 560 1861 se
576 1822 598 1861 et
613 1819 731 1875 Regalibus
747 1818 866 1862 virtutibus
883 1817 970 1869 enituit,
988 1816 1056 1859 Hunc

186 1892 275 1931 tantum
286 1889 368 1943 Regem
378 1888 471 1944 Angliae
482 1893 504 1931 et
522 1890 607 1932 Scotiae
622 1905 722 1946 praeesse
733 1895 755 1933 et
766 1890 893 1946 aequissimi
909 1888 996 1944 imperii
1004 1890 1056 1944 jura

186 1960 246 2010 dare,
256 1974 301 2002 non
308 1963 394 2014 poterat
404 1960 468 2003 nobis
479 1974 524 2004 non
536 1976 584 2004 esse
594 1962 671 2005 multis
681 1962 809 2004 nominibus
817 1960 984 2017 perjucundum,
993 1973 1055 2015 prae-

186 2031 264 2072 sertim
273 2033 361 2085 propter
373 2029 497 2072 Catholieos
508 2031 564 2073 istos
580 2031 637 2074 filios
654 2035 742 2074 nostros
752 2032 776 2073 in
788 2030 877 2072 Christo
888 2028 1052 2078 dilectissimos,

185 2100 216 2142 sic
227 2099 287 2141 enim
298 2098 324 2139 de
340 2102 377 2140 tua
393 2099 482 2154 pietate,
495 2099 522 2142 de
538 2104 577 2142 tua
593 2102 771 2152 mansuetudine,
785 2100 811 2141 de
827 2103 865 2141 tua
881 2098 975 2154 denique
991 2098 1056 2153 Regii

184 2171 253 2213 animi
268 2170 420 2224 magnitudine
439 2172 555 2222 sentimus,
572 2175 597 2213 ut
613 2171 670 2227 nihil
686 2172 713 2214 de
728 2175 751 2213 te
767 2171 859 2221 immite,
872 2169 928 2211 nihil
945 2183 1055 2225 asperum,

184 2241 347 2295 cunctapotius
357 2240 423 2292 lenia,
433 2242 496 2283 mitia
515 2245 537 2284 et
552 2241 647 2297 benigna
664 2257 676 2284 a
692 2246 731 2284 tua
748 2255 798 2296 erga
817 2240 867 2282 illos
886 2240 1002 2294 majestate
1019 2252 1055 2280 err-

184 2310 312 2366 peotemu's:
330 2310 451 2365 quinetiam
469 2316 556 2367 praeter
574 2328 630 2364 eam,
648 2327 704 2368 quae
719 2312 762 2354 tibi
779 2327 790 2353 a
807 2314 886 2352 natura
904 2310 1004 2363 ingenita
1023 2312 1056 2350 est

184 2378 351 2433 benignitatem,
371 2383 393 2420 te
414 2384 501 2423 nostrae
523 2382 716 2433 commendationi,
736 2384 813 2424 nostro
833 2378 951 2428 desiderio,
971 2378 1055 2420 nostris

185 2451 298 2503 postremo
314 2461 352 2501 pro
362 2447 391 2489 iis
406 2450 519 2502 praecibus
536 2464 580 2493 non
594 2465 672 2505 parum
691 2450 833 2500 tributurum,
846 2448 873 2490 de
884 2450 906 2488 te
921 2446 985 2489 nobis
996 2451 1055 2489 certo

186 2517 353 2574 persuademus.
384 2517 457 2559 Facile
468 2520 527 2561 enim
538 2522 673 2564 voluntatem
690 2524 753 2563 tuam
769 2520 795 2561 de
812 2522 887 2561 nostra
902 2518 1053 2569 aestimamus,

186 2591 208 2630 et
219 2586 331 2638 metimur,
344 2589 365 2627 et
375 2586 560 2641 quemadmodum
570 2578 653 2634 conscii
661 2590 725 2633 nobis
735 2603 818 2640 sumus,
829 2602 895 2644 quam
906 2589 992 2644 egregie
1003 2601 1054 2643 erga

184 2661 207 2699 te
218 2656 346 2707 afficiamur,
358 2660 380 2697 et
391 2669 434 2711 quo
449 2656 529 2700 intimo
545 2673 612 2702 sensu
627 2675 677 2703 vera
694 2659 768 2701 omnia
779 2658 835 2700 bona
851 2661 873 2699 et
887 2671 960 2700 veram
971 2671 999 2698 ex
1009 2657 1054 2699 altc

183 2729 312 2771 felicitatem
329 2728 445 2782 cupiamus
461 2727 492 2769 ita
503 2729 599 2772 vicissim
615 2735 666 2772 tuae
679 2730 704 2771 in
718 2742 760 2771 nos
770 2727 931 2770 benevolentiae
942 2741 987 2769 non
999 2740 1054 2769 unas

183 2813 255 2854 neque
276 2798 379 2840 obscuras
402 2796 574 2852 significationes
600 2800 700 2841 videmur
724 2797 870 2853 perspexisse.
911 2797 970 2838 Tuae
985 2796 1054 2852 igitur

184 2869 296 2924 majestati
317 2881 398 2910 norum
420 2866 514 2922 Angliae
536 2868 639 2924 Regnum
657 2882 708 2910 cum
724 2868 829 2909 faeliciter
844 2870 894 2908 tum
910 2866 989 2922 quiete,
1008 2867 1053 2909 sin—

184 2955 231 2982 cere
248 2954 274 2982 ex
290 2941 363 2982 animo
379 2938 518 2995 gratulamur
535 2954 627 2996 eamque
645 2954 692 2982 rem
711 2939 753 2981 tibi
766 2939 896 2996 populisque
917 2938 961 2982 tuis
981 2941 1004 2980 et
1021 2938 1053 2980 rei

186 3010 323 3054 Christianae
342 3012 457 3055 unirersae
475 3010 547 3055 fauste
567 3015 589 3055 et
609 3024 712 3068 prospere
728 3011 813 3055 evenire
831 3009 903 3063 abeo,
918 3010 955 3066 qui
973 3012 1053 3053 cuncta
