2416 3337
434 149 578 180 sustinuerunt
595 151 736 181 ossoulnusn.

532 350 655 393 OXXXlV.

193 470 289 511 Lamus
304 479 332 510 or
347 478 392 509 run
408 465 494 508 Brsnor
510 478 537 508 on
553 466 676 518 Lruaarcn,
690 467 735 508 Sir
751 478 778 508 or
795 465 908 516 Orpenna,
927 462 995 507 1646.

159 585 241 627 ranan.
253 596 282 627 ur
293 583 382 626 Ravana.
394 580 453 625 Dus.

204 666 285 709 Rarius
299 666 327 709 ad
341 666 359 708 Ι.
371 664 400 707 D.
412 664 439 706 V.
452 663 551 707 Scribere
566 677 630 720 cogor
644 663 672 706 ob
687 677 785 706 summas
801 662 942 706 difficultates
956 668 1029 706 trans

159 737 262 780 mittendi
291 736 404 793 Epistolas
432 735 500 780 hinc:
532 736 588 780 lator
613 737 764 793 praesentium
793 736 822 778 D.
846 736 929 780 Dalton
960 740 1029 779 notus

159 809 244 852 Illmae.
267 809 295 851 D.
308 808 334 851 V.
353 809 432 850 referet
455 812 537 851 statum
564 813 703 865 praesentem
726 822 800 851 rerum
824 809 881 864 apucl
907 823 956 853 nos.
975 809 1026 851 Jam

160 894 238 923 sumus
264 894 289 922 eo
316 879 399 921 reducti
433 883 457 920 ut
482 879 548 922 fidem
575 879 710 922 Oatholicam
737 879 834 922 stabilire
863 894 968 937 cogamur
989 884 1028 922 aut

160 963 237 993 omnes
256 949 284 992 ad
304 963 373 991 unum
391 948 477 1004 perire:
496 950 585 991 animus
603 963 661 992 unus
682 950 786 992 omnibus
805 954 838 992 est
856 954 877 993 et
894 952 932 1007 qui
950 964 1026 1006 pacem

159 1021 260 1077 iniquam
277 1019 406 1062 concludere
422 1019 539 1062 voluerunt
558 1020 681 1062 carceribus
698 1020 825 1062 detinentur
842 1022 958 1077 omnisque
978 1035 1028 1077 spes

159 1092 220 1135 illius
230 1091 291 1148 pacis
302 1105 352 1133 curn
363 1091 418 1147 ipsis
430 1091 517 1134 evanuit
533 1095 556 1134 et
572 1091 622 1147 quia
638 1091 768 1134 necessitate
785 1092 855 1134 coacti
870 1092 953 1134 fuimus
967 1092 1029 1134 illam

159 1177 234 1219 pacem
250 1176 359 1219 respuere,
371 1163 404 1204 ita
418 1176 536 1206 numerum
547 1162 646 1206 hostium
663 1163 765 1205 auximus
777 1166 798 1205 et
814 1167 903 1205 nostrae
918 1163 977 1206 vires
993 1163 1031 1205 cle-

159 1234 258 1278 bilitatae
283 1237 306 1276 et
332 1234 439 1277 aerarium
463 1234 576 1290 publicum
600 1235 690 1291 penitus
712 1233 844 1277 exhaustum
865 1235 1029 1278 Praefectorum

158 1305 264 1349 fallaciis:
281 1306 354 1361 itaque
371 1305 415 1348 uisi
431 1305 482 1348 inde
500 1305 599 1349 subsidia
614 1305 705 1361 pinguia
721 1306 902 1348 transmittantur
917 1305 1028 1361 extemplo

160 1377 319 1433 periclitabitur
330 1376 389 1419 salus
399 1376 467 1433 hujus
485 1376 634 1433 Reipublicae,
646 1376 743 1433 fidesque
751 1375 865 1419 Catholica
873 1376 1026 1432 entirpabitur,

160 1463 199 1504 pro
210 1463 252 1504 qua
263 1449 309 1492 sola
319 1448 401 1490 tuenda
412 1450 494 1504 absque
504 1450 554 1496 fuco
566 1452 605 1492 aut
614 1451 730 1504 praetextu
744 1448 787 1490 boc
799 1447 880 1490 bellum
892 1452 926 1490 est
936 1462 1026 1491 renora-

159 1522 216 1561 tum.
242 1518 271 1560 D.
283 1518 399 1574 Eugenius
412 1518 497 1562 O'Neill
507 1523 529 1562 et
538 1519 659 1562 Prestonus
671 1534 721 1562 cum
733 1518 818 1562 duobus
829 1519 961 1563 exercitibus
972 1520 1026 1562 bene

160 1590 276 1633 instructis
287 1591 311 1633 in
321 1591 356 1633 via
366 1592 419 1632 sunt
427 1590 550 1633 Dublinum
560 1605 644 1642 versus,
655 1591 711 1633 faxit
721 1590 781 1632 Deus
797 1604 849 1633 cum
858 1590 915 1633 bono
924 1605 1027 1634 successu

161 1661 293 1717 expugnatio
313 1661 374 1703 illius
399 1660 501 1703 Civitatis
522 1661 595 1718 Regni
619 1661 756 1718 Metropolis.
798 1659 827 1702 In
852 1660 893 1703 hae
914 1661 1029 1703 Provincia

162 1732 287 1775 Momoniae
302 1745 338 1774 res
354 1735 407 1774 sunt
417 1732 440 1773 in
446 1732 523 1789 majori
535 1731 681 1776 declinatione
691 1736 780 1789 propter
790 1731 889 1775 hostium
900 1733 1028 1789 potent-iam,

162 1806 184 1845 et
201 1803 247 1858 jam
269 1806 377 1844 extremas
398 1805 455 1847 vires
475 1805 624 1861 recolligimus
646 1805 665 1848 si
686 1805 741 1847 forte
761 1804 802 1847 hac
822 1805 895 1848 hieme
911 1809 1030 1862 antequam

162 1874 243 1928 majora
264 1873 346 1915 auxilia
366 1887 392 1915 ex
411 1874 491 1931 Augila
510 1876 600 1917 veniant
620 1875 732 1931 possimus
753 1888 790 1918 eos
806 1877 934 1932 profligare,
951 1876 974 1918 in
992 1875 1030 1918 illa

163 1956 247 1999 semper
256 1957 295 1998 spe
304 1942 362 1998 quod
373 1943 432 1996 inde,
443 1945 545 2000 sequenti
553 1960 609 1997 vere,
619 1945 749 1988 habebimus
760 1947 835 1989 omnia
845 1948 980 1990 neccessario
989 1961 1030 2003 pro

163 2018 252 2058 aestate.
286 2013 363 2056 Glerus
374 2014 434 2057 enim
445 2029 496 2057 cum
512 2015 604 2058 consilio
615 2015 643 2057 D.
656 2015 738 2058 Nuncii
748 2029 855 2072 nuperum
865 2032 941 2073 pacem
952 2017 1028 2073 rejecit

163 2091 184 2129 et
200 2086 223 2128 in
240 2085 330 2128 eosdem
346 2087 418 2129 omnis
435 2087 497 2143 culpa
513 2101 525 2128 a
545 2087 695 2130 saecularibus
710 2087 857 2142 imputabitur
874 2088 918 2129 nisi
932 2087 1029 2130 viderint

162 2158 212 2201 inde
222 2157 303 2200 auxilia
313 2158 481 2214 correspondere
492 2158 642 2214 expectationi.
665 2158 732 2201 Plura
743 2158 769 2201 (le
779 2158 821 2201 hoe
835 2158 923 2213 negotio
935 2161 957 2201 et
968 2160 1028 2201 statu

162 2244 236 2274 rerum
245 2230 357 2286 praesenti
367 2231 445 2274 referet
455 2230 510 2274 lator
520 2230 679 2287 praesentium,
691 2234 713 2273 et
724 2244 803 2273 manus
815 2229 844 2272 D.
856 2229 884 2272 V.
895 2229 915 2272 l.
927 2243 1028 2273 reveren-

163 2307 197 2346 ter
208 2303 300 2346 osculor.

490 2375 554 2419 Dnis.
565 2375 593 2419 V.
606 2375 691 2418 lllmae.

608 2457 688 2502 Servus
699 2457 788 2502 humus.

685 2546 823 2599 Enuuuuus,
835 2544 999 2589 Limericensis.

209 2606 313 2650 Limerici
325 2606 359 2650 die
370 2607 383 2650 8
395 2606 452 2660 Oct,
466 2604 530 2650 1646.
