2416 3337
216 161 246 202 30
501 172 644 204 sracmnoruu
660 172 803 203 osseumusu.

216 327 239 365 et
250 324 390 367 exactissimo
407 324 520 380 recognito
537 324 655 375 illustrem,
667 324 691 365 in
703 325 766 380 cnjus
783 322 962 379 approbationem
979 322 1036 365 claro
1047 322 1090 364 Dei

217 395 324 438 miraculo
346 409 423 438 omnes
447 396 548 438 omnium
565 396 687 437 sententiae
710 398 873 437 concurrerunt.
904 394 998 436 Laetare
1018 394 1091 451 itaque

217 466 347 509 felicissime
359 480 432 518 senaar,
446 467 517 517 Quem
534 466 598 509 solita
614 481 662 508 mea
677 466 702 507 in
719 465 808 508 Christo
820 464 952 508 confidentia
964 465 1024 518 (licet
1040 464 1092 507 inde

218 538 277 579 male
286 538 344 594 apud
355 538 464 594 quosdam
476 538 573 590 audiam)
587 551 649 593 spero
660 551 705 578 non
717 537 815 579 visurum
827 539 928 587 mortem,
941 535 1010 578 donec
1020 535 1093 579 videat

220 611 328 652 salutares
344 610 409 652 istius
422 609 444 652 S.
458 609 542 665 Synodi
554 613 575 651 et
591 609 713 651 uberrimos
724 609 815 650 fructus.
848 608 921 658 Quum
932 621 982 649 vero
999 622 1092 663 magnae

218 696 255 723 me
265 685 286 723 et
296 681 471 736 pernecessariae
480 694 558 722 causae
565 679 658 721 Romam
667 682 753 728 vocant,
764 676 949 733 quemadmodum
957 692 996 733 per
1007 679 1091 731 Rmoa,

218 751 315 805 Legatos
331 751 405 793 curari
422 751 537 792 certiorem
554 749 644 791 reddere
667 748 741 790 Sancti
753 752 810 789 atem
827 747 936 797 Vestram,
956 762 985 790 ne
1002 749 1092 791 laeviter

218 823 302 864 moveri
318 822 345 863 ad
361 822 440 863 itinera
461 821 528 873 longa
550 825 572 862 et
598 819 721 875 periculosa
744 819 860 871 iudicarer,
883 823 967 861 caetera
993 821 1092 875 presenti

219 893 316 935 sermoni
332 892 454 943 reservabo,
476 906 532 947 quae
548 893 634 947 ingrata
650 905 695 934 non
712 896 783 943 crunt,
801 892 820 934 si
836 891 932 935 oriculae
945 890 1002 934 Suae
1017 907 1092 935 rocem

216 979 262 1007 non
274 964 428 1020 dedignabitur
435 964 519 1007 audire.
551 964 645 1006 Interim
652 964 808 1020 interpretetur
821 964 843 1006 S.
855 965 964 1006 Sanctitas
975 964 999 1006 in
1010 964 1090 1007 bonam

216 1040 303 1093 partem
313 1035 355 1078 1100
366 1050 441 1077 meum
452 1036 603 1091 qualecunque
615 1035 721 1087 studium,
732 1049 786 1091 quae
797 1049 832 1077 me
844 1049 929 1091 semper
940 1034 1029 1077 habebit
1037 1049 1090 1077 suae

218 1107 377 1149 Sanctissimae
401 1106 465 1148 Sedis
486 1121 531 1148 non
547 1108 645 1148 fucatum
661 1110 789 1158 amatorem,
813 1106 851 1149 sed
869 1120 944 1149 rerum
962 1110 1090 1148 amatorem.

219 1178 323 1220 Christus
334 1177 349 1219 J
350 1191 401 1220 esus
412 1181 525 1220 conservet
535 1177 601 1219 Illam
612 1177 635 1219 in
644 1180 757 1219 senectute
767 1177 825 1219 bona
832 1181 855 1219 et
863 1178 936 1233 quiete
947 1177 1089 1232 sempiterna.

266 1260 373 1313 Tridenti,
386 1261 413 1302 13
425 1260 534 1311 Januarii,
548 1260 613 1304 1547.

294 1344 321 1385 V,
334 1344 463 1386 sanctitatis
475 1343 552 1385 derata
563 1346 659 1384 creatura
669 1347 691 1384 01
701 1341 793 1386 humilis
804 1343 886 1397 pedum
897 1343 1013 1386 osculabor.

785 1413 913 1467 Roauurus,
925 1429 957 1456 m.
968 1429 999 1470 p„

700 1497 884 1554 Archiepiscopus
892 1522 893 1525 =
900 1497 1060 1541 Armaohanus.

229 1688 240 1741 ξ
249 1686 422 1729 1140110010
432 1683 542 1727 Continet
553 1684 625 1727 Scuta
634 1683 709 1736 (broce,
716 1684 777 1739 frona
787 1684 863 1734 11001,
874 1684 902 1729 17
913 1685 1002 1739 March,
1013 1687 1079 1731 1517,

218 1803 254 1845 Aa
262 1803 360 1845 110001
371 1801 449 1843 lanua.
459 1800 533 1843 Maus.
545 1813 568 1842 m
578 1800 647 1842 Crau-
658 1814 684 1842 ur
693 1800 715 1842 S.
729 1801 804 1843 Oneon
814 1801 907 1844 Lucano
916 1815 961 1844 nnn
973 1802 1088 1846 Goucmro

595 1882 728 1935 (Bonosus).

714 1971 823 2023 Tridenti,
842 1972 869 2017 17
885 1972 975 2024 Martii,
993 1972 1060 2017 1547.

250 2022 308 2065 Rara.
326 2035 356 2063 ur
372 2021 454 2063 incarn
471 2020 531 2062 Dua.

338 2091 501 2133 Profectionem
513 2092 537 2132 in
549 2090 632 2146 aliquot
643 2090 691 2133 dies
701 2104 747 2132 non
759 2090 807 2133 sine
815 2092 889 2133 fructu
905 2091 1019 2134 distulisse
1029 2106 1089 2134 nunc

217 2178 333 2220 cognosco,
346 2163 448 2219 idemque
459 2176 472 2204 a
482 2161 544 2205 vobis
555 2160 671 2216 probatum
682 2161 711 2202 iri
723 2174 791 2218 quum
802 2162 822 2204 is
832 2161 882 2204 11010
892 2176 996 2218 praesens
1013 2162 1086 2214 adero,

218 2237 312 2279 confido.
345 2234 416 2276 invisi
427 2233 517 2275 anum.
531 2233 672 2275 (bonnensem
690 2236 830 2289 caeterosque
849 2233 955 2290 hispanos
966 2234 1087 2286 Praelatos,

217 2308 312 2364 quinon
323 2305 404 2347 minori
421 2304 494 2346 studio
510 2303 636 2345 laborarunt
646 2307 672 2345 ut
689 2304 756 2346 Cesar
772 2304 836 2359 aequi
852 2304 947 2360 bonique
964 2304 1089 2347 consuleret

217 2380 286 2420 istam
297 2391 308 2417 0
318 2375 423 2416 Trideuto
434 2374 477 2415 loci
493 2374 622 2423 cessionem,
640 2386 707 2429 quam
723 2377 786 2415 antea
803 2374 961 2416 contenderant
972 2388 1000 2416 ne
1018 2374 1088 2416 fieret.

217 2449 253 2491 Eo
273 2448 322 2503 ipso
344 2445 450 2488 sessionis
471 2443 513 2495 die,
535 2447 557 2485 et
575 2442 721 2497 subsequente
740 2440 806 2486 (101ΗΒΑ
823 2447 872 2485 tum
898 2444 933 2485 die
951 2444 1029 2486 Lunae
1050 2445 1088 2487 alii

217 2518 315 2562 Praelati
325 2532 365 2574 per
376 2516 495 2558 citissimas
507 2528 575 2571 equos
586 2519 696 2566 curarunt,
709 2530 737 2558 ne
749 2515 849 2557 Caesaris
861 2516 948 2558 animus
959 2515 998 2558 tali
1006 2518 1087 2559 nuncio

217 2593 316 2634 irritatus
342 2587 472 2630 redderetur
498 2587 597 2629 alienior.
630 2587 1087 2637 (1010111000000010100100000011111110

217 2664 296 2707 mortis
312 2656 424 2704 cruciatus
440 2659 567 2714 paratiores,
585 2673 650 2714 quam
666 2660 778 2714 porrigere
793 2658 849 2701 velle
860 2662 949 2701 tenuem
961 2659 1089 2702 schismatis

217 2740 255 2778 aut
271 2732 407 2790 periculosae
426 2729 492 2771 alicui
508 2730 612 2772 novitatis
631 2730 775 2772 occasionem.
807 2728 909 2785 Plerique
927 2729 997 2772 nihilo
1017 2731 1089 2773 secius

216 2809 299 2862 negant
310 2805 408 2846 futuram
420 2800 486 2843 isthic
501 2800 593 2841 liberam
610 2799 771 2856 pronunciandi
782 2800 920 2854 (praesertim
931 2801 988 2842 circa
999 2802 1088 2844 restitu-

216 2878 301 2919 tionem
312 2875 431 2932 proborum
443 2872 540 2923 moram)
552 2875 691 2927 potestatem.
724 2872 794 2922 Quam
811 2885 850 2926 ego
867 2871 944 2913 falsam
961 2872 1089 2928 opinionem

217 2949 319 2991 omnibus
340 2945 464 2990 rationibus
485 2944 585 2987 refellere
606 2958 655 2987 sum
672 2947 771 2994 conatus,
790 2942 907 2999 addidique
923 2944 982 2987 facili
1000 2947 1088 3001 negotio

216 3019 265 3061 fieri
286 3034 358 3075 posse⁷
375 3022 400 3061 ut
417 3017 576 3070 Sanctissimus
595 3017 621 3059 D.
639 3015 721 3059 Noster
742 3016 785 3058 Sua
805 3016 929 3072 praesentia
946 3017 1087 3061 celebriorem
