2416 3337
209 148 237 189 16
491 162 636 192 serumserum
653 163 796 193 OSSORIENSE·
855 168 860 174 ’

208 310 371 353 conservandae
404 310 464 367 plebi
490 312 673 368 pernecessarios,
701 312 745 354 nisi
765 311 953 368 typographorum
978 310 1083 366 penuriae

209 395 297 423 summa
307 380 427 424 infelicitas
438 380 541 424 obstaret.
569 402 571 405 v

255 453 288 496 Do
304 452 345 495 hac
356 466 379 495 re
394 466 442 504 suo,
455 453 600 511 aliorumque,
613 455 651 511 qui
662 469 748 511 semper
759 455 843 511 aliquid
859 454 966 496 librorum
977 454 1001 495 in
1012 451 1083 494 iucem

209 523 322 575 emittunt,
339 524 430 565 nomine
442 524 500 579 apud
515 539 551 566 me
561 530 611 567 tum
621 525 702 568 littoris
722 530 786 568 antea
799 527 861 581 (quas
877 524 904 566 ad
921 524 1010 565 Rmam.
1020 523 1045 564 D.
1057 521 1083 563 V.

209 593 287 650 mitto)
299 599 348 638 tum
359 595 424 638 verbo
442 600 576 652 conquestus
593 601 627 639 est
644 597 759 648 Cochleus,
773 597 838 651 idque
849 596 963 638 occasione
973 597 1084 650 praestare

209 666 247 716 ait,
259 653 299 707 cur
311 665 368 707 tanti
378 664 486 708 hactenus
503 667 621 721 populares
638 669 659 707 et
670 666 742 721 ignari
757 666 821 707 tibris
837 664 963 719 germanico
979 664 1083 705 idiomate

209 737 363 793 conscriptisa
379 736 492 779 Catholica
507 737 550 778 fide
567 737 594 778 ad
604 740 751 792 protestamus
768 736 895 785 defecerint,
907 735 966 790 quod
981 738 1083 789 typogra-

208 807 265 862 phos
273 821 346 850 eorem
358 810 430 850 sectae
436 807 532 858 affectos,
543 821 623 863 eosque
635 821 699 863 quam
711 808 826 863 plurimos,
836 808 860 849 in
869 806 972 849 manibus
980 806 1082 850 habeant,

207 878 332 921 auctoribus
343 878 367 919 in
377 877 513 920 seminandis
525 878 616 920 zizaniis
628 879 758 934 sagaciores.

252 948 331 992 Nostri
340 962 391 991 vero
400 961 472 1003 neque
482 947 572 991 fidelem
583 962 654 1005 neque
666 949 796 1005 diligentem
808 963 933 1006 quenquam
950 948 1039 998 habent,
1052 948 1083 989 ita

208 1026 235 1064 ut
252 1020 319 1063 multi
335 1019 387 1061 libri
403 1019 501 1074 alioquin
521 1019 658 1063 uberrimum
676 1021 773 1063 fructum
789 1021 888 1072 relaturi,
904 1020 963 1076 apud
983 1023 1082 1062 auctores

208 1095 341 1149 torpescant.

255 1161 361 1205 Erooavit
371 1176 442 1218 nuper
459 1176 530 1205 unum
549 1176 576 1205 ex
594 1162 696 1205 affinibus
713 1163 760 1205 suis
771 1163 843 1204 Dnus.
855 1161 971 1212 Cochieus,
984 1160 1022 1215 qui
1033 1160 1082 1201 cha-

209 1238 304 1276 racteres
314 1233 469 1289 integerrimos
480 1233 553 1284 habet,
566 1234 638 1276 fidelis
649 1238 689 1284 est,
703 1237 725 1276 et
735 1234 759 1275 111
771 1248 795 1275 ea
804 1237 849 1274 arte
861 1232 984 1288 expeditus,
998 1232 1036 1273 sed
1046 1232 1082 1274 his

209 1302 313 1347 omnibus
324 1303 422 1358 inopiam
433 1302 546 1344 inimicam
558 1303 631 1355 habet,
644 1307 665 1345 et
676 1317 726 1344 cum
736 1303 827 1358 reliquis
838 1302 968 1344 necessariis
981 1302 1081 1352 satisfiat,

208 1375 308 1430 sumptui
316 1374 441 1416 satisfacere
449 1387 493 1415 non
500 1377 578 1429 potest,
584 1374 671 1416 debebit
677 1374 800 1429 plurimum
808 1372 883 1416 Rmae.
891 1374 919 1415 D.
926 1369 952 1414 Vss
959 1372 1083 1428 respublica

208 1445 328 1495 Catholica‚
346 1458 370 1485 ac
381 1444 448 1485 etiam
465 1444 582 1500 scriptores
591 1446 643 1487 fidei
655 1445 807 1496 zeiantissimi,
821 1445 840 1486 si
850 1446 910 1486 hunc
920 1444 1082 1500 typographum

208 1517 289 1573 (quem
300 1515 446 1558 sufficientem
457 1519 479 1556 et
493 1515 599 1558 idoneum
615 1520 668 1558 tuus
684 1517 799 1558 familiaris
811 1514 885 1558 Dnus.
893 1515 990 1558 dodoous
1001 1516 1082 1558 Hoest-

207 1586 266 1628 fiiter
274 1585 408 1627 Lubioensis
416 1584 530 1627 Ecclesiae
538 1587 677 1641 praepositus
689 1586 780 1628 nomine
791 1587 849 1627 Rmi.
861 1582 943 1628 saror·
955 1586 1082 1641 hdoguntini

207 1657 232 1698 in
242 1656 278 1697 his
289 1654 385 1697 comitiis
396 1653 535 1696 consiliarius
551 1656 654 1707 asseruit)
666 1659 704 1697 aut
714 1660 776 1711 parte
786 1657 898 1711 pecuniae,
911 1670 965 1711 quae
976 1670 1014 1711 per
1025 1669 1081 1697 nun-

208 1727 268 1768 cium
279 1725 373 1781 Pogium
392 1725 499 1779 asportari
517 1724 587 1776 debet,
600 1729 638 1767 aut
654 1726 696 1768 alia
709 1728 785 1781 quavis
797 1726 940 1769 subventione
948 1727 1021 1782 jurari
1031 1740 1079 1781 pro-

208 1796 300 1839 curabit.
332 1796 364 1837 Et
375 1795 402 1837 ad
413 1795 436 1837 id
447 1795 626 1839 commissionem
637 1811 649 1839 a
661 1798 701 1840 8¹³⁰*
716 1798 744 1839 D.
756 1799 785 1841 N.
795 1797 870 1840 haberi
881 1799 1006 1840 contendat.

254 1867 327 1910 Hodie
337 1867 401 1909 nobis
413 1881 440 1908 ex
454 1867 566 1923 insperato
577 1868 681 1913 Albertus
698 1870 791 1925 Pighius
802 1870 896 1912 advenit.
929 1870 1001 1912 Dnus.
1014 1870 1081 1912 Jesus

209 1937 312 1981 Christus
324 1936 411 1978 Rmam.
423 1936 452 1978 D.
463 1936 491 1978 V.
502 1937 564 1979 valde
577 1938 658 1994 diuque
669 1940 795 1982 incolumen
807 1944 926 1982 conservet.

254 2008 289 2050 Ex
301 2008 423 2051 Wormatio
434 2008 517 2051 XXVI.
534 2010 673 2063 Novembris,
686 2011 783 2054 MDXL.

327 2079 414 2121 Illmae.
427 2083 448 2122 et
457 2079 534 2122 Rmae.
544 2081 572 2123 D.
584 2081 611 2123 V.
623 2081 715 2124 humilis
725 2083 822 2133 servitor,

858 2156 885 2197 R.
903 2155 1017 2197 Viuorror.

296 2232 346 2288 Ego
357 2231 469 2275 Antonius
480 2232 507 2275 de
520 2233 588 2290 Surye
600 2248 627 2276 ex
637 2235 741 2277 mandato
753 2236 844 2278 Domini
856 2235 1000 2291 subscripsit

872 2307 899 2349 A.
916 2320 946 2348 nn
965 2307 1047 2348 Soura.

278 2469 287 2522 ξ
298 2467 428 2510 a-Luar
438 2473 459 2508 to
470 2468 515 2509 His
526 2468 637 2519 Hotiacss,
649 2469 710 2522 froca
724 2469 815 2519 Worras,
827 2469 856 2513 27
867 2468 933 2518 Noc„
946 2451 1012 2509 1540.

707 2561 837 2611 10000001,
855 2562 884 2605 11
893 2549 964 2611 Noa„
981 2561 1047 2602 1510.

209 2621 250 2663 Sm'
269 2621 299 2664 D.
316 2621 345 2662 N.

256 2693 322 2735 Pater
335 2691 422 2734 Sancto.
454 2690 524 2734 Solita
534 2690 615 2734 fiducia
625 2693 648 2734 in
659 2693 715 2735 Jesu
727 2691 823 2743 Christo,
836 2695 860 2733 ut
870 2705 975 2747 praesens
992 2692 1075 2747 loquor,

205 2764 237 2805 sic
247 2763 336 2814 abusus,
349 2776 405 2818 quae
414 2762 511 2818 judicavi
526 2759 558 2804 Sa.
572 2762 596 2804 V.
609 2763 675 2817 digna
687 2762 763 2815 scribo.

250 2834 269 2876 A
280 2834 378 2877 Domino
389 2833 472 2875 factum
484 2835 518 2874 est
528 2832 596 2883 istud,
607 2837 631 2874 ut
644 2833 677 2878 84⁵⁴
689 2833 716 2874 V.
728 2832 814 2889 aliquos
822 2846 848 2874 err
860 2833 906 2875 suis
916 2832 943 2874 ad
951 2833 1076 2876 Vormatiae

207 2905 300 2948 Comitia
309 2905 438 2955 destinaret,
450 2904 551 2959 ipsorum
562 2905 623 2945 enim
634 2904 728 2946 adventu
746 2905 821 2946 statim
832 2908 972 2960 perspectum
984 2909 1017 2947 est
1028 2920 1077 2961 pro-

339 2997 348 3017 *
357 2998 401 3031 This
409 2998 462 3030 letter
470 2996 486 3030 is
494 2996 587 3036 eudorsed,
601 3000 610 3014 ‘⁶
617 2997 694 3038 Recepta
703 2996 775 3035 Romae,
783 2996 806 3028 111.
815 2996 934 3029 Decembris.U
