2416 3337
506 211 656 241 SPICILEGIUII'
665 211 808 243 ossoalnusn.

595 439 719 485 CXXVIII.

222 558 334 601 Parrrrou
345 570 372 600 or
383 570 428 600 THs
445 558 513 600 IarsH
530 557 676 600 Cranunrras
691 570 719 600 To
735 569 781 599 THH
798 557 893 607 Nurum,
906 567 1036 599 nuenarius
1047 567 1093 598 Tua

284 628 424 670 Moursraar
442 641 469 669 or
490 627 650 677 Knoorornun,
674 639 734 669 wrrH
759 639 773 668 r
793 627 850 669 LrsT
875 639 901 668 or
927 639 972 669 Tua
990 628 1094 671 Anamrr

284 699 377 741 Housas
388 712 415 740 or
425 710 470 739 THH
482 697 563 739 Cunna
571 706 595 738 ru
605 695 713 748 mannua,
727 697 792 739 1645.

451 809 510 850 (Fron
518 817 555 841 THH
565 807 662 841 Rruooorrr
670 809 747 848 Parnes,
755 809 869 850 aromaca.)

269 912 385 968 Octaginta
405 913 452 968 J'am
464 907 578 954 'transiere
598 911 649 952 anni
669 910 733 967 (ΠΨ
751 907 808 967 ΒΨ)
821 926 872 954 curn
888 912 970 968 partim
989 910 1092 968 expulsis,

222 985 304 1042 partim
315 984 393 1026 occisis
404 983 487 1025 uostris
501 982 601 1039 patribus
611 982 634 1024 in
645 982 761 1036 Hibernia,
775 983 870 1026 Carmeli
883 987 957 1026 vertex
973 984 1094 1027 exsiccatus

222 1058 265 1100 fuit
283 1060 305 1098 εὴ
322 1055 358 1098 hic
375 1056 457 1098 electus
477 1055 534 1097 ΒΜ·
545 1055 645 1110 Virginis
663 1055 746 1098 lllariae
765 1055 822 1098 ordo.
839 1055 951 1099 desolatus
972 1056 1053 1111 pariter
1072 1058 1094 1097 et

222 1128 335 1170 extinctus
345 1127 414 1169 donec
425 1126 514 1169 tandem
531 1125 616 1169 divinae
631 1125 714 1181 placuit
729 1126 892 1168 misericordiae
907 1140 946 1181 per
963 1125 1094 1168 Generalern

223 1199 334 1250 nostrum,
351 1199 458 1255 temporis
475 1202 498 1241 et
516 1198 588 1255 Regni
604 1197 671 1240 huius
690 1198 774 1240 ratione
791 1197 874 1249 habita,
891 1197 996 1253 exiguum
1013 1196 1094 1251 eligere

223 1283 351 1321 numerum,
370 1270 408 1325 qui
424 1269 571 1324 profligatum
582 1268 725 1310 restaurando
744 1267 845 1309 ordinem
863 1267 957 1323 pristina
973 1282 1013 1310 sua
1029 1280 1093 1309 occu-

222 1343 285 1396 paret
304 1340 363 1383 loca:
380 1341 463 1381 factum
481 1342 515 1380 est
532 1343 606 1381 autern
625 1343 650 1381 ut
671 1340 776 1394 antiquus
791 1338 885 1380 humani
905 1339 994 1394 generis
1010 1337 1090 1388 hostis,

222 1412 280 1455 tanti
290 1411 342 1454 boni
353 1410 461 1462 aemulus,
473 1410 584 1460 laborarit,
596 1424 637 1464 quo
653 1425 695 1454 nos
705 1410 813 1467 pusillum
823 1415 922 1453 vestrum
933 1424 1030 1467 gregem,
1043 1410 1093 1451 aliis

221 1486 267 1527 fere
279 1482 381 1525 omnibus
392 1482 571 1524 Mendicantibus
582 1482 649 1525 immo
661 1486 683 1524 et
694 1482 809 1524 monachis
818 1481 897 1524 multis
909 1472 1093 1524 sua'Monasteria

221 1552 394 1608 possidentibus,
407 1552 433 1595 ab
444 1553 523 1595 incolis
534 1557 604 1595 terrae
620 1567 664 1595 non
681 1552 745 1596 modo
756 1553 817 1595 haud
827 1554 963 1609 recipiendos
975 1553 1014 1596 sed
1025 1552 1092 1594 etiam

222 1624 329 1666 violenter
340 1623 479 1680 expellendos
491 1626 590 1666 curaret:
606 1623 774 1666 insurrexerunt
790 1624 852 1666 enim
864 1624 890 1678 in
907 1638 947 1666 nos
964 1624 1005 1666 riri
1019 1623 1091 1678 iniqui

223 1694 267 1737 Dei
278 1698 300 1736 et
310 1694 345 1736 sui
360 1694 510 1744 immemores,
522 1694 560 1749 qui
578 1707 619 1735 nos
635 1708 661 1735 ex
680 1695 744 1736 unico
764 1693 928 1736 Cucctoferensi
945 1694 1059 1737 Conventu
1069 1693 1093 1734 in

223 1779 268 1820 quo
279 1764 374 1819 ingressi
384 1764 496 1805 fueramus
506 1764 529 1805 ri
540 1767 561 1805 et
572 1763 638 1805 armis
650 1764 783 1819 expulerunt
792 1765 883 1820 insuper
894 1768 916 1806 et
926 1767 1081 1820 percusserunt
1085 1778 1091 1815 ;

223 1836 333 1878 Thomam
344 1834 392 1878 dico
404 1834 520 1877 Witheunr
531 1849 581 1877 cum
593 1834 641 1877 aliis
653 1835 767 1891 sexaginta
778 1837 816 1891 qui
825 1835 930 1878 adhibitis
942 1836 1006 1879 scalis
1017 1849 1093 1878 muros

223 1910 313 1950 nostros
334 1906 486 1957 ascenderunt,
508 1910 602 1948 mortem
627 1894 698 1962 ipsam
724 1906 788 1949 nobis
811 1907 939 1949 minantes:
966 1908 1022 1950 forte
1043 1909 1093 1948 voto

222 1977 315 2028 astricti,
334 1991 372 2032 pro
391 1976 435 2018 fide
455 1980 508 2019 tunc
526 1977 654 2034 pugnabant
672 1991 723 2020 cunr
741 1977 850 2020 Catholici
868 1979 962 2020 essent?
982 1977 1091 2034 judicabit
1157 2006 1159 2009 -

222 2049 334 2093 Dominus
345 2049 364 2090 si
375 2049 406 2091 sic
417 2047 538 2091 orthodoxa
548 2048 603 2091 fides
614 2053 726 2092 astruatur
742 2053 764 2092 et
780 2063 825 2092 non
841 2050 916 2106 potius
927 2053 1003 2093 contra
1014 2063 1091 2092 eorum

221 2126 272 2165 rota
284 2120 416 2163 destruatur.
449 2119 577 2164 Obtulirnus
588 2119 687 2164 libellum
699 2121 820 2177 supplicem
831 2121 987 2164 Illustrissimo
995 2120 1091 2163 Domino

220 2193 331 2249 Episcopo
343 2192 468 2234 Ossoriensi
477 2192 521 2235 loci
533 2192 654 2247 Ordinario,
663 2197 686 2236 et
699 2192 789 2235 Senatui
799 2192 912 2249 Supremo,
921 2196 943 2235 et
953 2196 1029 2236 tamen
1039 2191 1091 2233 inde

221 2265 310 2308 nulIum
326 2267 364 2306 aut
379 2263 502 2307 remedium
514 2269 552 2308 aut
571 2265 668 2308 solamen
689 2263 820 2309 habuimus:
838 2278 880 2322 quo
896 2265 952 2308 facto
964 2263 1091 2321 quidnobis

223 2335 333 2391 agendum
344 2338 402 2377 esset
417 2335 506 2391 penitus
522 2335 678 2391 ignoravimus.
710 2334 837 2378 Obtulimus
852 2349 891 2392 pro
905 2335 1006 2378 Ecclesia
1016 2336 1092 2376 nostra

223 2410 246 2449 et
258 2406 329 2456 domo,
341 2406 439 2448 redditus
455 2420 541 2449 annuos
557 2406 596 2450 sed
611 2407 703 2450 minime
714 2407 888 2463 impetravimus,
900 2406 932 2448 ita
943 2410 974 2457 ut,
985 2409 1090 2458 tanquam

222 2476 317 2532 profugi,
328 2475 371 2517 linc
381 2475 435 2517 illuc
445 2475 566 2520 discurrere
577 2491 688 2534 cogamur,
699 2491 744 2521 non
754 2477 862 2520 habentes
873 2476 912 2519 ubi
923 2479 989 2531 caput
999 2473 1090 2517 recline-

223 2553 281 2597 mus,
299 2559 350 2588 cum
365 2549 439 2588 tamen
450 2546 473 2587 in
484 2545 593 2590 Hibernia
609 2548 744 2591 Monasteria
760 2551 836 2591 nostra
852 2560 971 2589 nnmerum
987 2548 1090 2601 superent

221 2618 355 2676 vigesimum
371 2618 481 2673 quartum,
499 2619 572 2660 omnia
588 2620 664 2675 majori
676 2622 774 2677 exparte
786 2634 798 2661 a
810 2616 929 2661 Catholicis
939 2628 1041 2672 possessa
1052 2615 1090 2658 sed

221 2690 286 2734 nobis
296 2689 392 2733 occlusa.
424 2686 456 2729 At
466 2701 516 2730 vero
528 2703 578 2731 cum
589 2689 712 2734 lllonastica
722 2694 744 2733 et
754 2689 862 2746 regularis
872 2688 923 2739 rita,
937 2701 1002 2744 quam
1013 2700 1089 2730 omnes

221 2762 246 2804 in
256 2755 360 2803 'Domino
376 2758 484 2809 vovimus,
497 2758 579 2815 absque
599 2761 713 2805 Conventu
731 2761 812 2815 aliquo,
823 2762 848 2801 ut
864 2758 924 2801 vobis
942 2758 1019 2814 liquet,
1038 2756 1088 2800 sub·

223 2833 303 2876 sistere
321 2836 423 2888 nequeat,
443 2830 564 2873 statuimus
585 2833 698 2888 tugurium
717 2831 806 2887 aliquod
822 2829 934 2873 aedificare
949 2845 1014 2887 prope
1032 2829 1088 2872 Con-

222 2907 315 2947 ventum
328 2906 431 2946 nostrum
448 2901 474 2944 de
487 2900 604 2944 Cnoctofer
620 2902 657 2944 ubi
674 2901 741 2944 simul
756 2900 855 2943 habitare
871 2904 892 2943 et
907 2902 1028 2945 seeundum
1039 2905 1089 2944 vota

222 2975 311 3031 Virgini
327 2974 435 3030 Deiparae
453 2974 561 3017 inservire
578 2972 696 3029 possimus.
740 2972 803 3024 Quod
821 2975 843 3015 et
861 2972 952 3024 fecimus
968 2973 1088 3017 rendentes

222 3046 372 3102 eleemosynas
384 3045 499 3089 strictum
516 3045 591 3102 ipsum
607 3044 711 3101 exiguum
723 3057 788 3100 quern
799 3044 907 3100 acquirere
917 3049 1051 3101 poteramus,
1063 3047 1089 3086 ut
