2416 3337
442 145 586 177 srrcrnncrun
603 144 746 174 ossonrnrsn.
990 129 1034 172 259

163 309 240 339 omnes
251 299 272 336 te
284 292 401 335 sedulitate
412 289 564 344 impleturum,
581 291 656 330 tamen
672 290 697 329 ut
712 290 803 342 paterno
814 299 866 341 erga
881 284 1035 329 dilectissimos

161 366 220 408 filios
241 362 327 406 affectui
349 360 477 410 satisfaciat,
499 358 597 414 idipsum
618 372 630 399 a
651 362 673 399 te
693 356 798 413 postulat,
821 355 879 412 quod
895 358 916 397 te
935 356 1034 411 propriae

161 434 252 478 virtutis
267 431 365 489 impulsu
381 430 541 487 praestiturum
557 428 656 480 confidit,
674 428 781 471 nimirum
797 430 822 470 ut
839 426 937 483 qualibet
953 440 994 482 ope
1010 440 1034 468 ac

162 506 233 549 officie
250 504 415 547 Catholicorum
435 500 566 553 defensioni,
584 500 688 543 ecclesiae
705 499 809 556 dignitati
831 502 853 541 et
874 497 943 540 divini
960 497 1035 540 cultus

162 576 323 621 conservationi
340 574 468 632 prospicias.
506 573 567 615 Haec
589 573 687 629 profecto
705 571 775 613 animi
792 570 825 613 tui
844 569 917 612 aelam
943 568 1036 611 mirifice

162 648 357 700 commendabunt,
369 650 392 689 et
406 661 419 688 a
434 646 482 688 Deo
493 644 667 688 clementissimo
683 643 850 686 rectefactcrum
864 644 1036 692 remuneratore,

161 721 200 778 qui
210 734 249 777 pro
260 720 295 763 sui
305 719 403 763 nominis
414 717 483 774 gloria
490 715 649 760 excubantibus
657 719 743 772 praesto
754 717 796 765 cst,
806 713 902 770 amplam
910 712 1035 755 mercedem

160 792 290 848 praestolari
304 793 416 846 poterunt.
467 788 584 831 Interdum
602 787 631 846 D.
650 787 710 830 Tuae
726 786 807 829 intimo
823 785 938 828 charitatis
954 784 1034 826 affectu

161 862 311 919 Apostolicam
328 860 456 915 impertitur
470 859 654 910 benedictionem,
672 859 708 901 cui
723 861 832 914 quantum
847 856 1033 916 per-opportuni-

160 936 230 974 tatem
255 930 341 973 licuerit
368 942 484 984 nunquam
512 927 675 971 benevolentiae
697 942 759 970 meae
776 927 919 971 documenta
951 925 1030 970 deesse

161 1001 297 1059 permittam.

208 1088 298 1140 Romae,
310 1086 345 1130 die
355 1088 369 1129 2
381 1085 503 1136 Februarii,
517 1085 584 1127 1642.

570 1413 616 1483 cu

186 1568 292 1610 Exrnncr
308 1579 369 1610 raon
385 1567 481 1608 Lnrrna
497 1578 524 1608 or
541 1566 566 1609 F.
583 1566 677 1609 Rornae
692 1566 796 1618 Nnennr,
815 1567 870 1618 Sd,
887 1581 914 1611 rc
930 1569 1007 1620 Rana,

473 1641 533 1685 24rn
549 1641 640 1695 Mancia,
658 1643 724 1686 1642.

394 1756 457 1799 (Facu
469 1765 506 1788 rna
519 1755 583 1789 lasum
595 1756 689 1789 Aacunns
701 1766 721 1789 ru
732 1756 801 1798 Ronn.)

206 1860 308 1902 Miserias
328 1858 396 1914 hujus
415 1858 478 1914 regni
499 1859 619 1914 exprimere
641 1860 762 1911 universas,
781 1859 874 1902 humani
889 1862 926 1904 vix
942 1866 976 1904 est
996 1862 1032 1904 in-

160 1930 234 1986 genii:
251 1929 353 1981 nihilhic
363 1928 436 1971 ridere
447 1932 489 1980 esc,
501 1929 559 1970 nihil
576 1933 615 1971 aut
633 1929 716 1981 audire,
728 1929 824 1972 maxime
840 1931 864 1972 in
881 1932 1028 1975 orientalibus

160 2002 221 2057 regni
230 2000 330 2057 partibus
340 2013 407 2056 quam
416 1999 609 2055 depraedationes3
624 2000 772 2055 parvulorum,
787 2001 946 2043 foeminarium·
952 2004 1028 2057 proin-

160 2071 186 2114 de
198 2086 222 2114 ac
232 2072 327 2113 virorum
337 2069 513 2120 interneciones;
530 2069 630 2111 flammas
646 2070 744 2125 integrae
752 2070 848 2113 familiae
865 2071 1027 2128 supellectilem

159 2154 290 2196 omnemque
307 2139 454 2183 substantiam
479 2142 592 2182 momento
615 2139 758 2183 devorantes:
784 2140 878 2197 denique
894 2145 972 2185 tantus
989 2148 1024 2186 est

160 2214 273 2268 utriusque
283 2212 352 2267 partis
362 2210 486 2266 Anglorum
502 2210 584 2252 scilicet
593 2213 614 2252 et
622 2210 762 2254 Ncstratium
772 2213 832 2254 furor
842 2216 868 2255 ut
878 2214 968 2256 nonnisi
976 2229 1028 2257 cum

160 2284 287 2327 alterutrius
295 2283 367 2340 gentis
374 2282 508 2324 extinctione
519 2284 557 2323 aut
568 2280 594 2324 ab
603 2281 645 2324 hoc
652 2281 730 2338 Regno
741 2283 876 2339 relegatione
883 2284 954 2327 sedari
964 2300 1032 2342 posse

159 2356 265 2399 videatur.
307 2354 374 2411 Angli
400 2354 423 2397 in
449 2352 572 2409 Religionis
594 2351 727 2407 Catholicae,
754 2349 938 2412 Nostratiumque
966 2357 1029 2400 illam

159 2427 288 2478 colentium,
299 2426 344 2468 nisi
355 2439 403 2467 eam
414 2424 546 2481 abJ'ui-arent,
558 2424 731 2468 internecionem
747 2426 909 2483 conspirarunt.
934 2427 1026 2472 Nostra-

159 2503 194 2542 tes
213 2499 328 2555 utriusque
357 2496 506 2540 defensionem
523 2501 673 2552 susceperunt.
705 2497 806 2541 Militum
826 2513 917 2541 numero
933 2499 1031 2542 Hiberni

160 2573 213 2613 sunt
229 2568 293 2625 longe
310 2567 440 2624 superiores
453 2567 492 2610 sed
507 2568 601 2610 inermes
612 2580 684 2624 poene
694 2582 778 2621 omnes7
796 2582 836 2622 nec
854 2568 922 2621 video,
939 2582 1028 2611 causam

160 2639 269 2696 quomodo
287 2638 401 2695 optimam,
417 2637 544 2695 bellumque
560 2638 727 2682 sanctissimum
747 2643 822 2682 contra
837 2639 951 2681 inimicum
967 2640 1031 2681 omni

159 2724 270 2753 armorum
296 2724 374 2767 genere
395 2709 594 2753 instructissimum
617 2711 676 2753 tueri
699 2711 786 2768 possint
809 2711 853 2753 nisi
874 2713 895 2752 et
915 2709 1030 2765 Principes

160 2780 275 2833 Catholici,
287 2785 310 2824 et
325 2780 427 2837 inprimis
445 2780 491 2824 Sua
509 2782 619 2825 Sanctitas
636 2782 709 2839 (qu'us
726 2796 814 2839 gregem
827 2780 875 2836 lupi
889 2795 976 2836 rapaces
993 2782 1028 2824 in-

159 2850 236 2894 vadere
247 2851 362 2905 conantur)
374 2865 412 2895 ecs
420 2852 487 2915 armis
498 2856 520 2896 et
531 2853 619 2909 pulvere
629 2853 711 2897 nitrato
722 2854 830 2896 instrucre
841 2850 949 2906 dignetur.
