2416 3337
380 154 524 183 sproinnornn
541 155 683 184 ossoainusn.
942 144 969 184 21

143 301 205 344 Nihil
217 315 255 355 ego
267 301 383 356 quicquam
393 300 496 352 formido,
509 314 575 356 quam
586 300 694 356 quosclain
705 301 772 356 hujus
784 305 855 342 sectae
867 301 969 343 homines

97 373 222 415 Florentiae
232 372 307 423 latere,
319 372 392 427 ibique
403 375 492 427 propter
503 372 643 414 interdictam
659 370 836 414 dissuetudinem
847 371 969 414 Missaruni

95 443 118 484 in
130 446 281 498 contemptum
292 446 314 484 et
325 442 422 485 derisum
439 442 615 493 convertendam,
627 442 661 483 illi
677 441 758 498 populo
774 442 906 497 persuadere
917 456 968 484 con-

95 514 134 564 ari,
148 514 188 556 sub
205 528 229 556 eo
245 514 374 569 praesertim
385 514 495 569 Principe,
508 514 545 571 qui
557 517 594 555 aut
605 514 721 556 connivere
731 512 795 555 facile
811 514 883 556 forsan
900 514 968 555 etiarn

97 585 233 641 (quotlDeus
249 588 341 640 avertat)
360 587 450 629 omnino
467 587 538 628 favere
553 589 636 641 posset.
668 585 751 627 Volens
773 586 832 627 enim
854 585 967 627 interdicti

94 657 187 700 vinculis
199 659 288 701 dissolri
305 664 327 702 et
339 659 463 702 satisfacere
482 659 515 711 (ut
530 659 553 699 in
569 658 665 700 transitu
682 672 695 699 a
705 657 748 699 fide
764 656 837 712 dignis
853 656 964 709 intellexi)
978 696 980 698 ,

93 743 138 772 non
149 744 227 786 passus
238 735 272 773 est
283 731 397 774 hactenus.

138 801 188 844 Non
200 803 269 844 scribo
281 802 334 845 haec
350 806 439 855 temere,
452 804 487 845 cui
505 803 598 845 scribam
614 801 684 853 rideo,
702 802 753 844 noui
770 801 894 851 consilium,
914 801 965 844 novi

94 869 132 912 gns.
149 871 177 912 V.
189 872 294 923 animuin,
308 877 330 915 et
345 888 419 915 meum
431 873 456 915 ab
467 874 515 928 ipsa
531 875 585 916 satis
601 877 740 929 perspectum
757 877 815 917 certo
828 874 879 924 scio,
892 887 963 915 reme-

92 941 153 982 dium
172 941 320 984 adhibendum
339 947 380 994 est,
392 946 414 985 et
434 943 563 998 [111111111111
587 940 629 984 8⁵³³·
652 944 679 985 V.
699 943 849 999 praevidentia
870 943 962 986 morbus

92 1013 252 1067 expurgandus.
312 1029 315 1033 ’

134 1080 250 1126 NovitSffl·
266 1084 292 1126 V.
305 1089 387 1140 quanta
406 1085 435 1127 sit
450 1086 542 1127 varietas
559 1088 693 1141 temporum,
713 1100 779 1141 quam
795 1086 874 1127 incerti
885 1086 958 1128 exitus

90 1168 170 1205 rerum,
188 1169 253 1210 quam
265 1156 372 1198 flexibiles
383 1156 500 1198 hominurn
510 1156 641 1198 voluntates.

134 1225 196 1268 Alter
210 1227 248 1282 qui
265 1227 346 1270 melius
363 1228 413 1270 [lare
432 1229 548 1271 consilium
564 1230 641 1284 possit,
655 1244 721 1284 (qnam
734 1227 774 1271 Slffi·
790 1229 963 1272 1111111111

89 1296 183 1338 inveniri
192 1301 273 1352 posset,
287 1297 329 1340 sibi
340 1312 389 1340 vero
399 1298 444 1353 ipsi
452 1313 517 1342 nerno
528 1299 609 1341 melius
620 1299 704 1341 dabit*

769 1359 796 1400 R.
814 1360 928 1401 Vnuonor.

165 1496 175 1549 ξ
185 1496 313 1538 4.-1111111
323 1504 344 1539 10
355 1497 400 1539 His
411 1489 689 1552 11011111111111111Ῐο11111,
703 1500 730 1541 15
741 1501 805 1550 Dea,
819 1498 885 1542 1540.

592 1593 714 1644 Voculae„
732 1595 760 1635 15
777 1594 840 1644 Dec,
858 1594 925 1636 1540.

132 1665 197 1707 Pater
220 1666 305 1709 Sancte.
352 1667 405 1710 Post
426 1668 523 1711 reditum
548 1669 600 1725 Epi.
620 1670 769 1725 ‹lustinopolis
791 1662 958 1726 1111111111Ρὶ-

87 1736 179 1787 cionem,
192 1751 256 1794 quain
268 1738 306 1781 ille
317 1742 368 1781 ante
379 1740 502 1782 discessum
513 1742 537 1782 in
548 1742 629 1783 animis
641 1741 757 1785 (iratorum
769 1757 793 1784 ac
804 1744 958 1785 ministrorum
991 1788 993 1790 ,

87 1806 187 1850 Caesaris
209 1809 333 1865 reliquerat,
355 1811 472 1853 uidelicet:
501 1812 564 1863 Quod
592 1817 694 1868 pretextu
719 1815 859 1870 negotiorum
881 1815 958 1858 Chris-

86 1878 206 1921 tianissimi
229 1882 401 1934 tractandorum,
426 1883 493 1939 hujus
518 1884 621 1941 colloquii
644 1886 746 1928 effectum
770 1887 878 1943 impedire
900 1887 957 1929 uelle

84 1953 205 2005 putaretur.
236 1952 318 1995 Audivi
328 1954 394 1996 etiam
404 1954 457 1997 huic
468 1957 589 2012 suspicioni
596 1959 773 2001 malevolentiam
781 1961 896 2016 minasque
906 1974 957 2002 con-

81 2022 169 2075 junctas
181 2036 235 2064 esse.
269 2022 372 2072 Quaesivi
383 2024 500 2080 diligenter
511 2027 635 2081 cujusmodi
651 2032 711 2071 esset
718 2044 724 2079 3
743 2034 764 2071 et
775 2030 833 2071 unde
844 2029 898 2072 haec
909 2045 955 2072 non

84 2090 156 2132 solum
174 2097 228 2143 0111,
246 2092 284 2134 secl
301 2094 367 2135 etiam
385 2099 447 2136 aucta
464 2096 567 2151 suspicio.
600 2098 678 2154 ltaque
697 2099 827 2155 complures,
840 2100 868 2141 D.
886 2101 954 2143 etiarn

83 2161 234 2204 Mutinensem
257 2178 281 2205 ac
308 2164 334 2206 de
358 2165 456 2220 ejusdem
481 2168 573 2210 consilio
597 2169 672 2225 ipsum
695 2172 778 2226 Epum.
804 2172 953 2228 Justinoqaolis

83 2232 181 2283 conveni,
198 2237 219 2275 et
235 2233 261 2275 de
272 2234 312 2276 hac
325 2236 448 2289 suspicione
459 2251 483 2278 ac
500 2238 655 2283 malevolentia
671 2244 756 2284 monui.
790 2243 914 2299 Respondit
930 2260 954 2288 se

82 2302 139 2344 nihil
150 2303 221 2358 egisse
232 2304 255 2345 in
273 2305 397 2357 Germania,
415 2321 486 2364 neque
502 2313 603 2352 acturum
619 2326 668 2354 esse
679 2317 755 2356 contra
767 2319 865 2357 sanctam
877 2316 953 2359 Eccle-

82 2372 138 2415 siam
149 2377 170 2416 et
181 2374 238 2416 pam·
250 2375 304 2416 gam.
317 2377 470 2432 Suspicionem
480 2394 531 2422 vero
542 2396 593 2436 erga
605 2397 628 2425 se
639 2384 692 2426 inde
705 2386 757 2427 oriri
774 2388 880 2441 potuisse,
893 2389 953 2444 quod

82 2444 169 2499 saepius
187 2460 237 2488 curn
255 2447 362 2489 Senoniae
379 2453 400 2490 et
416 2447 502 2493 Oleniae
521 2452 610 2495 Ducum
628 2456 756 2499 Oratoribus
767 2461 865 2500 versatus
885 2465 951 2503 esset.

81 2516 176 2558 Auctanr
187 2531 243 2568 vero,
255 2518 314 2574 quod
326 2533 396 2575 nuper
406 2535 444 2575 per
456 2522 560 2566 Rhenum
571 2525 599 2567 acl
616 2526 703 2570 Oleriae
721 2528 806 2571 Ducem
819 2545 868 2572 oum
879 2532 951 2576 literis

83 2586 178 2628 Sermae.
190 2588 287 2644 Reginae
303 2590 410 2634 Navarrae
428 2591 499 2647 (credo
516 2609 552 2638 eas
569 2597 596 2639 de
614 2599 751 2641 matrimonii
767 2604 860 2644 tractatu
871 2603 949 2656 fuisse)

82 2658 238 2712 descendisset,
256 2662 314 2718 apud
329 2677 394 2719 quem
406 2663 484 2720 (ajebat
503 2666 550 2722 ille)
568 2673 656 2713 1111111111
667 2671 736 2724 abest
748 2676 773 2715 ut
784 2688 861 2717 1100111
871 2676 949 2730 imple-

81 2730 137 2772 tioni
148 2731 250 2789 colloquii
268 2736 289 2775 et
306 2735 354 2790 paci
372 2736 484 2789 voluerim,
504 2741 585 2797 quippe
604 2745 642 2799 qni
660 2745 769 2788 effecerim
780 2747 837 2802 apud
853 2761 911 2798 eum,
924 2754 950 2791 ut

82 2799 152 2844 literis
172 2803 218 2845 suis
238 2805 336 2860 Reginae
354 2805 462 2851 Navarrae
484 2812 610 2865 promiserit
630 2828 653 2856 11
679 2820 816 2858 constantem
837 2817 860 2858 in
882 2831 950 2861 causa

83 2869 207 2917 Catholicae
228 2875 279 2918 fidei
299 2877 406 2930 futurum,
427 2885 491 2937 atque
510 2883 577 2926 etiam
600 2886 711 2942 scripserit
728 2888 755 2929 acl
772 2887 859 2930 affinem
882 2904 949 2934 suum

290 2985 299 3003 a
308 2986 400 3020 Endorsecl
414 2989 507 3030 “Recepta
516 2992 587 3031 11011111,
597 2994 618 3025 29
627 2993 745 3026 Decembris.’'
