2416 3337
232 176 260 217 20
513 183 657 213 sarcinacruu
673 181 815 212 ossonmusa.

233 334 286 376 Dni.
300 334 428 376 assistentes
444 332 572 375 Electorum
588 332 724 385 aliorumque
740 329 868 384 Principum
886 328 1099 373 ConsiliariiRmae.

232 404 261 446 D.
273 404 301 446 V.
313 408 362 446 tum
373 417 467 459 gravem,
479 407 528 445 turn
540 402 689 443 Christianam
700 403 722 442 et
734 400 870 443 Catholioam
882 402 1002 445 orationem
1014 399 1102 442 audire·v

233 480 292 519 runt.
325 476 360 518 Ita
376 475 509 531 respondent
526 477 547 515 et
562 473 693 528 pollicentur
710 472 816 528 quidquid
833 474 860 515 ad
876 473 1058 529 tranquillitatem
1080 475 1102 513 et

232 562 319 604 precem
338 548 486 603 unionemque
505 544 616 587 Ecclesiae
634 545 756 600 pertinebit
774 560 797 588 se
818 546 921 598 facturos,
941 560 969 588 ne
985 545 1101 587 videantur

233 619 303 661 officio
315 632 354 660 suo
366 618 468 659 defuisse.

277 689 326 744 Ego
338 687 453 744 specialem
465 685 580 741 epistolam
592 686 618 727 de
629 686 686 741 Epo.
699 687 847 742 Justincpolis
868 685 898 728 Sa
913 686 939 728 V.
951 686 1046 728 rescribo
1063 686 1101 741 qui

233 759 260 800 ad
272 773 313 801 nos
325 759 348 799 2³
359 759 425 813 liujus
436 757 520 799 mensis
531 757 603 799 rediit.

277 830 415 872 Memorialia
425 834 523 871 actorum
534 829 637 885 colloquii
649 830 728 885 recepi,
740 843 777 885 per
788 830 886 884 primum
897 830 993 872 mittam.

276 901 341 956 Mag*
353 901 412 942 Sacri
422 900 508 951 Palatii,
522 903 543 941 et
554 900 625 941 Dnus.
634 900 713 942 Petrus
727 896 763 942 Sa.
772 901 817 942 Vle·
829 900 896 956 pedes
908 901 1069 943 deosculantur.

276 973 347 1014 Dnus.
361 973 426 1015 Jesus
438 970 541 1014 Christus
552 972 575 1014 in
586 972 622 1014 lris
632 972 735 1028 procellis
753 972 798 1014 gam
809 973 836 1015 V.
849 973 973 1026 consoletur
984 977 1006 1015 et
1017 972 1043 1014 ad
1054 972 1099 1027 glo-

231 1046 287 1087 riam
299 1059 361 1087 suam
371 1045 482 1087 uictricem
499 1044 609 1087 Sathanac
626 1044 748 1087 insultibus
764 1047 895 1101 compressis
912 1046 976 1087 faciat
994 1046 1098 1088 festinan-

231 1117 325 1159 tissime.

672 1189 712 1230 Ea'
726 1189 854 1238 tr‘oaaorto,
867 1203 922 1230 arcuo
934 1187 1068 1229 Daraatrts.

277 1265 332 1315 Quia
343 1266 476 1320 privatorum
493 1264 657 1307 commodorum
676 1265 750 1309 studio
768 1265 910 1320 potiusquam
920 1264 1020 1319 publicae
1039 1263 1099 1305 utili-

229 1336 281 1377 tatis
293 1339 314 1377 et
334 1336 423 1390 pietatis
445 1350 495 1391 erga
513 1335 636 1376 Ecclesiam
658 1349 739 1385 amore,
752 1335 885 1390 colloquium
907 1335 968 1378 istud
989 1335 1098 1390 dirigitur,

227 1404 306 1447 bonam
319 1420 381 1461 spem
395 1406 497 1448 felicioris
508 1419 621 1448 successus
633 1405 660 1446 ad
670 1406 767 1447 futuram
783 1405 873 1447 Dietam
884 1405 1018 1448 confidenter
1028 1404 1099 1461 rejici-

227 1490 284 1527 mus,
305 1480 370 1531 atque
397 1477 506 1532 integram
530 1479 551 1517 et
574 1490 673 1518 securam
697 1477 721 1517 in
745 1476 873 1531 Principum
897 1477 1022 1518 constantia
1048 1489 1099 1517 cum

228 1547 344 1597 adfuerint,
371 1546 509 1597 collocamus,
530 1560 585 1601 quos
606 1546 708 1588 brevibus
734 1546 883 1601 gratulatoriis
904 1551 926 1589 et
944 1546 1098 1589 exhortatoriis

227 1618 320 1660 inritare
342 1618 384 1659 erit
401 1615 433 1658 ga
446 1617 473 1659 V.
491 1631 557 1673 quam
574 1617 739 1672 dignissimum,
756 1618 850 1660 maxime
867 1622 940 1660 autem
956 1618 1055 1660 Illmum.
1073 1632 1098 1660 ac

228 1688 319 1730 Rmum.
338 1685 478 1730 Cardinalem
489 1687 693 1743 blaguntinensem,
706 1689 743 1744 qui
755 1702 842 1730 omnem
859 1703 946 1745 operam
962 1693 984 1731 et
1000 1688 1099 1731 studium

228 1774 267 1815 pro
282 1760 351 1815 gloria
363 1760 405 1801 Dei
416 1763 437 1800 et
454 1759 573 1802 stabilitate
589 1759 703 1801 Ecclesiae
718 1760 849 1815 pollicetur,
868 1765 889 1803 et
899 1775 958 1802 nunc
974 1760 997 1802 id
1013 1759 1098 1802 abunde

227 1831 371 1882 hioexhibet.

273 1902 376 1945 Necnon
393 1903 458 1944 etiam
469 1903 656 1958 Argentinensem
667 1903 758 1959 Equum,
771 1904 809 1958 qui
824 1903 893 1945 nullis
910 1903 1034 1959 sumptibus
1050 1917 1098 1958 para

228 1976 265 2025 cit,
275 1978 300 2016 ut
310 1974 417 2030 populum
433 1987 499 2016 suum
510 1974 585 2016 infide
596 1974 709 2016 Ecclesiae
721 1978 743 2015 et
754 1974 877 2016 obedientia
893 1974 1014 2017 confirmet.
1047 1974 1099 2015 Tria

228 2045 307 2101 oppida
318 2045 371 2087 olim
383 2045 608 2100 apraedeccssoribus
619 2045 665 2087 suis
676 2045 837 2087 Communitati
845 2045 1005 2101 Argentinensi
1016 2044 1096 2099 impig-

227 2121 311 2168 norata,
324 2120 345 2158 et
364 2121 428 2159 antea
438 2116 613 2158 Lutlreranismo
631 2116 712 2158 infecta
723 2115 816 2158 redemit
832 2117 892 2158 etad
904 2116 970 2157 fidem
980 2115 1096 2158 revocavit.

272 2188 367 2230 interim
389 2189 482 2230 istorum
502 2188 674 2244 protestantium
706 2188 856 2243 impudentiae
880 2192 901 2230 et
921 2188 1034 2244 iniquitati
1060 2201 1106 2243 per

226 2260 319 2314 gratiam
330 2259 373 2301 Dei
383 2260 504 2311 resistetur,
518 2264 540 2301 et
550 2274 577 2302 ne
589 2260 625 2301 lric
637 2259 740 2311 efficiant,
758 2260 816 2316 quod
827 2259 910 2311 volunt,
923 2258 1040 2301 cavebitur.

605 2360 668 2401 Vrae.
683 2361 735 2402 Stis.

687 2437 778 2480 hurnilis
789 2437 870 2493 pedum
882 2437 1025 2489 deosculator,

912 2532 938 2574 R.
950 2532 1064 2574 Vauonor.

272 2621 337 2662 Pater
359 2619 444 2661 Sancte.
461 2621 547 2662 Horreo
564 2621 812 2663 adscriberenumerum
824 2634 899 2662 eorum
917 2634 997 2675 nempe
1013 2621 1096 2672 30‚000

226 2706 279 2748 quos
299 2692 451 2733 Protestantes
463 2691 573 2752 doctrinae
591 2707 642 2734 suae
658 2697 839 2749 propugnatores,
852 2696 873 2734 et
890 2691 932 2735 sibi
943 2694 998 2748 ipsis
1010 2692 1095 2734 confoe-

226 2763 312 2806 deratos
324 2764 348 2805 in
362 2762 427 2804 ltalia
438 2777 486 2806 esse
495 2764 632 2819 jactitabant.

268 2835 305 2876 Ex
315 2834 351 2876 his
362 2834 496 2890 professores
507 2834 592 2890 aliquos
604 2840 686 2877 secreto
697 2836 720 2877 in
732 2834 791 2877 Urbe
802 2835 883 2876 uersari
894 2834 974 2876 audiri.

268 2906 320 2947 Etsi
330 2906 369 2948 isti
380 2905 468 2958 diaboli,
481 2906 590 2948 mendacii
606 2906 682 2961 patris,
694 2906 736 2947 filii
752 2906 802 2956 sint,
815 2906 906 2961 ejusque
923 2903 1003 2959 spiritu
1014 2903 1094 2946 ducan-

223 2978 266 3027 tur,
277 2977 350 3019 omnia
366 2977 495 3032 effingentes
512 2980 534 3020 et
544 2978 685 3028 mentientes,
697 2976 843 3018 nihilominus
860 2976 933 3018 omnia
944 2974 1094 3027 subdubitare,

223 3048 318 3103 pericula
329 3063 401 3092 arcere
412 3054 451 3092 est.
