2416 3337
234 162 261 202 18
513 170 658 202 1101116111
674 169 817 202 ossomausn.

233 336 334 379 possum,
348 316 377 365 'ut
387 323 425 379 qui
441 322 499 378 apud
515 323 588 365 Deum
604 321 680 364 fideles
696 334 740 363 non
757 321 810 371 sint,
827 318 885 376 apud
900 318 1004 363 homines
1020 317 1104 374 aliquid

235 395 320 436 sincera
339 398 361 437 61
380 399 438 436 16611
453 394 496 436 fide
512 393 645 449 loquantur:
663 392 762 448 quinimo
778 392 854 447 potius
873 392 947 434 omnia
961 392 1011 435 ficte
1028 389 1104 434 simul-

236 469 314 520 athue
325 478 389 520 agere
399 481 404 507 :
421 465 475 506 11111
485 464 595 506 Dominus
607 466 631 504 ut
642 461 759 518 aliquando
770 462 857 505 trabem
868 477 943 505 comm
955 463 1024 505 oculis
1036 475 1104 518 oppo-

237 537 302 579 sitam
314 551 359 579 non
376 535 447 579 solum
459 539 599 590 cognoscant,
612 535 650 577 sed
661 534 798 577 voluntatem
809 534 922 577 auferendi
934 535 1035 585 habeant.

281 608 323 649 Die
332 608 409 663 quinta
417 607 484 663 hujus
492 606 576 648 mensis
584 606 729 649 Wonmatiam
735 607 796 650 venit
804 607 929 663 Episcopus
941 605 1091 662 Justinopolis
1100 620 1105 647 :

238 679 403 721 Catholiconum
424 682 445 721 61
465 679 636 735 protestantium
658 680 787 721 commercio
804 693 829 720 cc
847 679 954 733 colloquio
982 678 1107 733 (utriusque

235 750 302 791 ctiam
313 750 341 791 cd
352 750 546 792 commessationes
558 750 644 805 saepius
654 749 770 800 invitatus)
783 748 889 804 quamdiu
899 747 936 790 hic
946 748 989 790 suit
999 762 1055 790 usus
1065 752 1106 791 est.

235 820 357 862 Putabatur
368 835 394 862 ex
406 820 523 862 Germanis
534 820 637 862 mandato
647 819 835 862 Christianissimi
845 819 913 876 Regis
924 820 1054 872 advenisse;
1066 825 1107 875 ego

234 894 259 932 ut
269 890 292 931 id
301 890 388 933 credam
400 891 479 932 adduci
490 905 535 933 nou
545 905 641 946 possum,
654 891 763 933 fatebatur
778 894 854 933 tamen
867 905 889 934 se
900 905 913 932 a
923 890 970 933 Mae.
982 891 1032 934 'Sua
1042 891 1107 934 1111116

235 962 371 1004 Ducatorum
383 961 488 1004 donatum
501 966 522 1004 et
533 963 633 1019 ejusdem
645 977 668 1006 se
680 973 767 1006 servum
779 976 834 1005 esse.

281 1033 450 1089 Decimaquarta
461 1033 529 1089 hujus
541 1034 595 1076 citra
608 1047 696 1076 omnem
708 1035 835 1090 opinionem
846 1033 943 1085 necessit,
953 1048 966 1075 1
975 1033 1106 1090 quibusdam

236 1104 262 1146 ad
275 1103 375 1146 Caesaris
388 1103 438 1146 ldffi·
455 1104 481 1145 ab
493 1104 543 1147 aliis
554 1104 581 1146 ad
592 1104 676 1160 Regem
687 1104 837 1146 Romanorum
848 1104 979 1146 transivisse
989 1105 1066 1147 fertur.
1147 1096 1149 1100 Α

279 1174 406 1217 Adventum
417 1175 470 1216 Dm.
482 1175 508 1217 de
521 1164 660 1227 Gnanduelle,
674 1190 698 1217 ac
709 1176 751 1217 alia
762 1190 817 1232 quae
833 1175 860 1217 ad
876 1176 989 1218 nationem·
1001 1175 1107 1218 Comitio-

236 1259 286 1287 rum
296 1247 417 1301 pertinent,
430 1247 481 1302 quia
491 1247 556 1290 Rmo.
572 1248 630 1290 Dno.
648 1247 759 1289 Cardinali
775 1247 881 1289 Famesio
897 1247 968 1289 Dnus.
985 1247 1108 1291 Feltiensis

237 1319 359 1372 perscribit,
372 1318 417 1360 illis
428 1332 473 1359 nen
484 1320 569 1361 insisto,

282 1387 379 1430 Tantum
390 1388 417 1429 de
427 1388 470 1439 his,
483 1402 538 1444 quae
549 1390 672 1445 conjectura
683 1388 804 1444 praevideri
815 1393 910 1445 possunt
926 1387 980 1431 giem.
990 1390 1015 1432 V.
1028 1404 1108 1434 moneo

235 1471 284 1498 cum
296 1457 324 1499 ad
335 1457 504 1513 colloquendum
515 1458 614 1501 nondum
626 1460 698 1502 simus
709 1459 808 1501 admissi.

281 1528 374 1571 Tentavi
385 1543 473 1571 omnem
484 1529 551 1582 viam,
563 1544 605 1585 qna
616 1530 670 1585 quid
680 1531 737 1572 inter
749 1530 866 1585 utriusque
876 1532 945 1586 pomis
962 1531 1106 1576 Consiliarios

236 1600 340 1655 deinceps
352 1604 487 1652 tractaretur,
501 1601 581 1644 nescire
597 1615 704 1657 possem:
722 1603 774 1658 quid
791 1602 899 1644 effecerim
912 1601 953 1643 8²²⁸
972 1602 997 1644 V.
1013 1607 1062 1647 tum
1079 1619 1105 1648 ex

236 1670 279 1722 his,
291 1675 341 1713 tum
353 1671 446 1723 6111111,
460 1686 515 1728 quas
526 1673 674 1727 inposterum
686 1675 787 1726 scribam,
799 1674 880 1716 litteris
891 1675 1006 1730 intelliget.

283 1741 390 1784 Doctores
410 1747 432 1784 61
448 1742 550 1785 Caesaris
566 1748 589 1785 et
604 1744 671 1800 Regis
682 1744 832 1788 Romanorum
843 1745 870 1787 ad
882 1745 976 1788 Comitia
992 1746 1104 1801 destinati,

236 1812 335 1868 quotidie
351 1812 466 1855 nobiscum
477 1813 512 1855 bis
523 1815 661 1856 conveniunt.

282 1883 350 1925 Mitto
361 1897 412 1925 cum
422 1884 458 1925 liis
468 1884 557 1936 litteris,
570 1899 648 1941 quaea
663 1886 783 1941 primordio
800 1888 902 1944 colloquii
918 1901 988 1943 usque
1004 1888 1027 1929 in
1042 1888 1105 1932 hodi-

238 1969 316 1997 ernum
328 1955 387 1997 diem
398 1958 489 1998 tractata
501 1960 561 1999 sunt.

281 2027 381 2069 Multum
400 2028 526 2070 consolatus
549 2043 598 2071 sum
613 2029 636 2070 in
658 2030 754 2072 Domino
776 2030 871 2074 adventu
890 2031 940 2073 Dni.
961 2032 1104 2085 Mutinensis,

239 2098 302 2153 cujus
313 2098 404 2152 peritiae
416 2102 437 2140 et
452 2098 583 2154 prudentiae
594 2099 691 2142 multum
702 2101 792 2144 confido¹

280 2169 295 2211 J
297 2183 349 2211 esus
360 2169 463 2213 Christus
476 2169 527 2212 gem.
543 2171 569 2214 V.
580 2171 618 2214 diu
629 2171 763 2229 feliciterque
775 2178 889 2217 conservet
900 2173 927 2216 ad
939 2188 1001 2218 suam
1012 2174 1105 2231 gloriam

238 2245 259 2283 et
269 2241 381 2283 Ecclesiae
393 2242 567 2298 amplitudinem.

282 2310 319 2352 Ex
329 2310 450 2354 Wcrmctia
461 2312 562 2355 XXVIF‘
573 2313 711 2376 Novembris,
724 2316 789 2357 1540.

314 2381 407 2424 Vestrae
417 2383 574 2427 Beatitudinis.

720 2446 818 2489 Devotns
834 2451 912 2498 orator,

822 2518 943 2563 Rcenauus
959 2519 1089 2564 Venefica*

306 2712 307 2715 Ἴ
319 2652 329 2706 ξ
340 2652 469 2719 »iffi-Lector
479 2660 500 2696 tc
511 2654 557 2696 His
567 2654 738 2711 Helicacnsficnc
752 2658 844 2710 ll'mms,
857 2659 943 2712 9Dec.,
957 2661 1021 2703 1540.

764 2741 892 2794 Woraeua,
905 2744 918 2785 9
929 2743 992 2796 Dec,
1006 2744 1071 2786 1540.

279 2821 346 2863 Pater
358 2821 443 2874 Sancte,
458 2821 577 2864 Confidens
588 2824 611 2864 in
623 2823 712 2884 Christo
723 2824 783 2878 decu,
796 2825 873 2882 loquar
885 2818 929 2882 ego
941 2827 968 2869 ad
981 2828 1102 2872 Dominum

235 2910 309 2938 meum
320 2896 358 2951 qui
374 2909 424 2939 sum
435 2895 507 2951 pulvis
519 2900 541 2938 et
551 2896 614 2939 cinis.

278 2965 306 3008 In
322 2966 363 3009 hac
378 2970 504 3023 temporum
520 2970 542 3009 et
565 2981 639 3010 rerum
662 2968 826 3025 perturbatione
845 2975 892 3013 tum
911 2969 1003 3015 dolenda
1022 2973 1102 3024 omnia,

436 3061 445 3079 a
455 3060 549 3094 Eudonsed
561 3061 744 3106 ί(11611111161101116,
754 3063 778 3097 xi.
787 3063 904 3103 Decembess?¹
