2416 3337
439 165 582 194 sarcrnncrnru
599 165 742 195 ossonrnnsn.
986 156 1027 204 183

158 309 193 352 vel
200 310 299 352 triduum
306 312 408 351 mortuus
416 308 503 359 revixit,
513 311 591 350 etcum
599 311 651 350 ante
659 307 744 349 obitum
751 311 810 350 esset
817 308 945 361 Calvinista,
955 312 1028 354 statim

160 384 225 435 atque
236 380 322 431 revixit,
335 379 443 435 abjuravit
455 379 622 431 Calvinismum,
640 382 662 421 et
677 378 763 435 publice
780 380 867 436 saepius
879 380 995 423 cleclaravit
1006 396 1029 424 se

158 451 239 493 uidisse
250 451 273 493 in
284 451 375 493 Inferno
385 450 511 494 Lutherum
522 455 544 493 et
555 450 680 502 Calvinum,
689 453 710 492 et
720 450 813 506 proinde
824 451 937 494 neminem
950 452 1028 496 salvari

94 533 95 536 ’
155 535 228 577 posse,
234 522 271 578 qui
278 537 355 565 eorum
364 521 503 579 dogmatibus
512 522 639 566 adhaereret
644 538 650 575 3
663 521 715 564 hinc
723 522 812 565 excitati
816 523 968 566 Protestantes
977 537 1027 566 enm

155 592 179 634 in
190 606 296 635 carcerem
308 593 454 636 detruserunt.
485 593 512 635 In
529 594 575 636 dies
592 595 718 649 expectatur
734 593 786 635 novi
805 593 907 649 Proregis
918 594 1026 637 adrentus

155 678 182 705 ex
193 664 280 721 Anglia,
290 666 335 721 qui,
348 668 373 708 ut
383 665 459 717 fertur,
472 669 506 707 est
514 664 669 708 acerbissimus
676 665 699 706 in
711 663 836 708 Catholicos
842 680 847 717 ;
865 665 904 707 sed
914 664 1026 708 Dominus

154 738 195 785 est,
208 736 245 791 qui
256 736 379 787 mortificat,
390 740 412 778 et
431 736 533 787 vivificat,
551 735 639 778 deducit
655 734 682 777 ad
699 735 789 786 inferos,
810 740 832 778 et
849 736 941 780 reducit.
974 736 1022 778 Iam

154 807 238 848 assueti
249 820 325 849 sumus
336 807 386 849 istis
396 807 593 863 persecutionibus,
611 811 633 849 et
648 806 720 849 Dnus.
738 806 800 849 dabit
816 807 880 850 nobis
891 808 949 850 111111
958 808 1022 864 juxta

154 876 287 930 exigentiam
295 881 400 919 nostram.
412 877 503 919 Utinam
512 877 565 920 dum
576 877 710 933 accingimur
721 878 748 920 ad
759 878 911 933 perferendam
919 893 1021 935 persecu·

154 946 246 997 tionem,
258 950 442 1002 componerentur
452 946 503 989 lites
523 951 544 989 et
556 947 715 989 controversiae
726 948 784 989 inter
797 948 887 990 (11111111
897 948 1022 991 Dublinen-

154 1030 208 1068 sem,
219 1031 273 1074 quae
280 1017 369 1073 quidem
377 1031 469 1074 magnos
478 1018 574 1060 excitant
583 1017 700 1068 tumultus,
708 1021 729 1060 11
737 1018 854 1060 innumera
863 1019 954 1073 pariunt
961 1032 1022 1060 scan-

153 1087 208 1130 dala.
240 1088 312 1130 lllulta
324 1088 390 1131 etiam
408 1088 466 1131 mala
484 1088 616 1144 proveniunt
626 1103 658 1145 *err
669 1088 779 1144 frequenti
791 1088 949 1145 disceptatione
965 1089 1023 1131 inter

153 1159 242 1202 Olerum
258 1160 389 1216 Regularem
405 1165 427 1202 et
438 1160 572 1203 Pastoralem
585 1159 611 1201 de
627 1160 783 1215 praesidentia,
801 1164 822 1204 11
836 1160 1023 1216 praecedentiam

152 1231 229 1273 officiis
237 1245 275 1287 pro
284 1231 393 1274 defunctis
401 1231 494 1288 sepultis
503 1232 527 1273 in
535 1231 642 1274 Ecclesiis
653 1230 785 1287 Paeglrium,
797 1232 883 1288 quando
895 1232 991 1275 officium
999 1231 1024 1274 fit

151 1302 175 1343 11
186 1301 287 1357 parochia
297 1307 358 1345 extra
368 1303 441 1345 locum
451 1307 585 1359 exemptum.
619 1303 789 1358 Conqueruntur
805 1304 871 1345 etiam
883 1304 1019 1359 comprovin-

152 1373 217 1415 ciales
224 1374 329 1429 Episcopi
338 1377 359 1416 et
367 1374 573 1429 VicariiApostolici
580 1374 607 1416 de
616 1374 795 1429 Metropolitanis
803 1375 856 1427 suis,
867 1374 925 1429 quod
933 1375 1021 1430 saepius

151 1447 275 1498 gravantur,
288 1447 310 1485 et
323 1444 419 1485 nimium
429 1448 536 1486 vexantur
547 1444 681 1486 admissione
697 1443 823 1486 frivolarnm
838 1444 1019 1500 appellationum,

151 1513 303 1569 praetensione
313 1513 429 1555 triennalis
439 1513 572 1556 visitationis
584 1517 659 1556 contra
670 1514 781 1556 decretum
793 1513 886 1555 Concilii
894 1515 954 1557 Trid.
967 1516 1019 1557 cita-

150 1585 249 1628 tionibus
257 1585 355 1641 injustis,
361 1584 550 1640 suspensionibus,
558 1584 746 1635 institutionibus,
752 1588 774 1625 11
781 1584 953 1627 inhibitionibus
961 1600 1018 1629 suor.

150 1656 371 1712 Metropolitanorum
387 1656 413 1698 de
430 1655 510 1712 quibus
525 1656 592 1698 latius
610 1655 706 1699 scribent
722 1655 760 1697 alii
776 1655 889 1711 Episcopi,
906 1659 928 1698 et
939 1657 1021 1699 Vicarii

150 1727 245 1783 Aplioi.;
263 1728 319 1770 mihi
331 1731 365 1771 sat
377 1728 405 1770 sit
414 1727 467 1769 lraec
478 1728 571 1784 carptim
579 1727 718 1784 indigitasse.

197 1797 259 1849 Quod
266 1798 292 1841 ad
300 1796 339 1841 me
344 1799 432 1853 attinet,
441 1813 467 1840 ex
474 1812 516 1853 quo
525 1799 549 1840 in
557 1797 614 1841 lranc
623 1812 699 1841 curam
705 1798 803 1854 perveni,
813 1797 878 1841 debui
886 1799 969 1841 multas
978 1799 1018 1841 dif-

149 1868 264 1919 ficultates,
273 1868 465 1919 contradictiones,
475 1868 628 1920 detractiones,
639 1869 740 1920 convitia,
750 1868 951 1923 scriptavirulenta,
961 1869 1018 1922 odia,

149 1943 171 1981 et
182 1939 336 1983 tribulationes
347 1941 393 1995 pati
402 1955 447 1983 non
456 1939 499 1981 alia
507 1940 533 1982 de
541 1954 613 1991 cansa,
622 1953 689 1995 quam
696 1939 754 1995 quod
765 1939 890 1981 studuerim
897 1940 1016 1997 aliqualem

148 2010 315 2052 Ecclesiasticae
322 2010 451 2065 disciplinae
457 2010 550 2051 formam
558 2010 581 2051 in
588 2009 629 2051 lras
638 2009 747 2051 dioeceses
755 2009 854 2060 induere,
860 2011 1018 2064 quaePastoris

149 2081 225 2123 solatio
237 2081 351 2136 sexaginta
362 2094 431 2122 annos
442 2079 529 2122 viduata
540 2082 607 2122 erant.
641 2078 777 2129 Quibusdam
785 2079 851 2121 etiam
860 2080 930 2122 movit
938 2080 1014 2134 bilem,

148 2150 206 2206 quod
212 2150 320 2193 Parochos
329 2150 472 2199 instituerim,
482 2149 612 2191 facultatum
620 2148 789 2199 restrictionem,
800 2149 857 2191 siout
863 2149 901 2191 alii
909 2150 1016 2207 Episcopi

147 2222 300 2274 intimaverim,
311 2221 418 2264 Pastorali
426 2220 489 2264 Olera
500 2220 636 2272 indulserim,
646 2223 668 2263 et
678 2220 827 2262 Paroclrorum
836 2222 886 2276 jura
897 2223 1015 2266 tutaverim

147 2292 195 2335 sine
205 2296 278 2335 tamen
289 2292 370 2349 injuria
379 2292 470 2334 aliorum
479 2291 516 2346 qui
527 2290 620 2333 oderunt
627 2304 662 2332 me
674 2291 750 2346 gratis,
760 2291 861 2333 convitiis
870 2306 906 2334 me
917 2294 1015 2348 proscin-

147 2362 209 2415 dunt,
220 2377 301 2406 nomen
312 2377 393 2413 meum,
406 2366 428 2405 et
438 2363 520 2404 famam
531 2361 588 2417 apud
595 2375 685 2418 gregem
692 2375 767 2403 meum
776 2361 884 2413 minuere,
897 2366 919 2405 et
930 2363 1016 2407 laedere

146 2433 274 2485 moliuntur,
290 2433 446 2490 scriptionibus
464 2433 510 2475 suis
524 2433 637 2475 venenatis
655 2431 711 2474 milri
729 2431 843 2475 detrahere
857 2433 916 2488 apud
933 2435 1015 2479 amicos

145 2519 207 2548 meos
217 2505 307 2559 Romae,
317 2510 339 2548 et
350 2505 402 2548 alibi
412 2506 516 2548 laborant.
549 2504 591 2547 Sed
600 2506 704 2547 assuetus
712 2503 802 2546 tandem
809 2503 845 2547 lris
852 2504 969 2558 molestiis,
978 2522 1014 2550 cas

141 2578 189 2632 jam
200 2578 287 2633 incipio,
305 2577 376 2634 gratia
392 2577 434 2620 Dei
451 2577 528 2628 fultus,
548 2575 659 2632 despicere
668 2591 674 2627 ;
692 2590 736 2618 non
754 2575 815 2617 enirn
834 2589 870 2617 me
880 2575 942 2628 latet,
956 2578 1012 2632 quod

145 2650 209 2692 missi
220 2663 296 2693 sumus
308 2650 366 2692 sicut
376 2663 426 2692 oves
437 2649 460 2691 in
472 2649 543 2691 medio
554 2647 664 2703 luporum,
677 2651 699 2693 et
709 2652 816 2702 tanquam
824 2648 890 2690 morti
899 2648 1010 2691 destinati.

145 2718 189 2761 Sed
196 2721 243 2775 jam
253 2720 338 2776 longior
349 2733 405 2771 snm,
418 2734 484 2775 quarn
495 2734 530 2761 me
547 2719 592 2761 fore
602 2718 694 2774 putavi:
711 2717 818 2761 suavitate
834 2721 908 2760 tamen
920 2732 1009 2761 consue·

143 2789 228 2831 tudinis
239 2793 296 2841 tuae,
309 2794 332 2832 et
344 2789 415 2833 studio
427 2794 500 2832 tecum
511 2788 649 2845 colloquendi
660 2792 747 2831 evectus
759 2802 809 2830 sum
820 2787 906 2842 longius
918 2787 1010 2831 fortasse

143 2873 209 2914 quam
218 2859 328 2910 debebam,
336 2860 423 2904 brevius
431 2864 495 2912 certe,
504 2874 569 2916 quam
579 2860 686 2903 volebam.
697 2859 750 2901 Vale
758 2858 826 2913 igitur
832 2858 854 2898 in
864 2869 923 2899 seros
931 2871 1008 2912 annos,

143 2944 197 2987 quos
208 2934 315 2986 precatur,

187 3002 270 3044 Datum
279 3001 446 3055 Waterfordiae,
459 3003 488 3043 16
499 3002 606 3052 Octobris,
619 3002 684 3044 1632.

450 3071 491 3113 Fa.
509 3072 637 3124 Paruimus,
650 3069 809 3114 Waterforden.
822 3073 843 3112 et
854 3069 979 3115 Lismoren.
