2416 3337
219 166 247 207 26
500 179 645 209 srrernuerurr
661 178 802 210 ossonmusa.

219 328 338 384 expetiisse
354 332 375 371 et
391 329 518 381 rationalia,
536 333 561 372 ut
577 329 698 373 multorum
713 329 764 372 inde
781 329 925 374 defectionem
943 327 969 370 ab
987 325 1088 369 Ecclesia

218 404 388 453 commoverent,
401 406 423 443 et
433 405 458 444 ut
469 401 555 444 facilius
565 402 672 458 populum
683 402 710 443 ad
721 417 776 454 eam,
789 417 855 458 quarn
866 416 911 445 non
923 400 994 443 solum
1004 399 1087 448 docere,

220 471 259 515 sed
273 472 340 514 etiarn
351 472 424 528 palam
434 474 491 515 tueri
502 474 551 516 ausi
563 476 645 525 essent,
658 473 779 515 doctrinam
789 473 930 516 inclinarent.

265 543 294 585 In
305 543 350 585 illis
360 544 464 595 comitiis,
477 543 563 586 etiamsi
575 543 632 599 qued
643 543 738 586 manime
749 544 890 599 profuturum
899 545 950 592 erat,
959 556 972 583 a
981 541 1088 584 Caesarea

219 613 336 669 blajestate
347 618 455 656 statutum
467 614 501 665 sit,
514 618 589 655 tamen
603 614 731 673 neglectum
746 615 788 656 luit
805 628 829 655 ac
845 615 940 664 irritum,
958 616 980 653 et
997 614 1087 666 prepter

220 684 355 727 executionis
382 685 498 736 defectum,
524 698 606 727 vanum
631 697 721 739 prorsus
742 688 764 725 et
784 683 914 725 invalidum.
957 681 1017 732 Quae
1037 695 1088 722 vero

219 754 318 809 proxime
329 759 481 809 procurarunt,
492 769 537 797 non
554 755 623 796 fecere
639 754 758 809 preposite,
778 756 803 794 ut
819 753 888 795 videri
904 751 988 802 volunt,
1008 764 1086 806 pacan-

219 824 296 866 darum
308 825 473 876 discordiarum,
487 825 524 867 red
535 824 608 880 potius
620 822 835 875 inflammandarum,
855 827 920 879 atque
932 822 998 864 etiarn
1014 820 1086 862 inten-

217 896 284 947 tione,
301 895 370 939 veluti
379 901 455 952 postea
466 897 579 951 cognitum
595 899 636 947 est,
652 900 677 938 ut
688 895 759 938 tribus
769 896 911 951 Principibus
923 898 944 936 et
960 894 1047 949 saepius
1065 896 1087 934 et

217 965 361 1009 diversimode
373 967 464 1009 tentatis
476 967 613 1017 occasionem
625 966 725 1009 deviandi
736 980 828 1022 prorsus
844 967 871 1009 ab
887 965 1002 1008 Ecclesiae
1013 963 1086 1005 obedi-

216 1037 276 1079 entia
292 1041 314 1080 et
331 1042 390 1080 recta
405 1039 448 1081 fide
465 1038 542 1081 darent
558 1042 580 1080 et
597 1038 761 1081 schismaticam
779 1039 924 1095 pertinaciam
943 1037 1083 1079 obdurarent.

219 1109 281 1159 Quod
301 1110 325 1152 in
344 1109 390 1152 dies
406 1110 477 1165 magis
493 1125 517 1152 ac
533 1109 612 1165 magis,
630 1109 732 1152 omnibus
748 1110 790 1152 viis
806 1113 828 1151 et
844 1109 949 1151 sathanae
965 1106 1086 1149 adinventi-

219 1180 299 1223 onibus
310 1181 380 1223 facere
392 1181 518 1223 moliuntur.

262 1250 295 1293 Et
314 1252 364 1308 quia
383 1252 441 1307 apud
458 1251 564 1307 quosdam
580 1250 681 1294 odiosum
698 1264 764 1292 suurn
779 1264 860 1292 nomen
878 1250 967 1299 norunt,
982 1250 1004 1289 et
1023 1259 1086 1289 suam

218 1320 342 1365 doctrinam
360 1324 449 1378 penitus
471 1323 575 1366 odibilem
591 1338 640 1366 esse
659 1323 701 1366 sibi
717 1323 772 1379 ipsis
798 1323 880 1365 conscii
899 1325 958 1373 sunt,
979 1320 1086 1376 quasdam

217 1392 322 1447 epistolas
333 1397 397 1449 atque
408 1395 450 1436 alia
460 1408 524 1449 opera
536 1394 700 1437 Catholicorum
710 1394 801 1436 nomine
812 1393 835 1435 in
846 1393 919 1435 lucem
935 1391 1010 1443 edunt,
1023 1395 1085 1433 uteo

216 1468 331 1518 praetextu
341 1466 426 1508 cautius
438 1479 513 1507 eorum
521 1465 582 1508 virus
593 1465 617 1507 in
629 1466 715 1508 animos
724 1465 847 1521 legentium
856 1467 934 1520 serpat.
966 1464 1009 1506 Tot
1017 1462 1086 1505 scutis

217 1533 374 1577 occurrendum
385 1540 425 1587 est,
438 1538 491 1592 quot
500 1536 552 1578 telis
564 1535 591 1577 ab
601 1536 703 1578 hostibus
715 1536 852 1591 impetimur.

261 1604 331 1661 Spero
346 1606 565 1650 Reverendissimum
576 1606 605 1648 D.
617 1607 728 1662 Legatum
739 1606 867 1662 propediem
877 1605 1011 1648 adfuturum.
1044 1603 1086 1646 Cui

217 1676 308 1732 quidem
325 1691 350 1720 ea
365 1678 465 1720 antidota
481 1690 536 1734 quae
552 1677 777 1733 prudentissimorum
793 1681 974 1733 expertorumque
989 1677 1085 1719 virorum

213 1747 298 1804 judicio
309 1749 424 1805 profutura
434 1749 596 1801 existimentur,
609 1762 709 1806 quaeque
720 1763 732 1792 a
742 1748 925 1806 plerisquemibi
940 1747 1007 1790 relata
1024 1751 1082 1798 sunt,

218 1820 392 1862 communicabo.

262 1890 382 1946 Reliquum
398 1895 433 1933 est
450 1894 475 1933 ut
490 1891 586 1934 favorem
602 1890 805 1934 Reverendissimae
821 1891 879 1933 D.V.
896 1890 954 1946 apud
971 1889 1088 1932 Sanctissi-

217 1974 279 2002 mum
290 1961 346 2004 D.N.
357 1976 396 2017 pro
412 1977 437 2004 ea
452 1963 544 2017 pecunia
560 1962 587 2004 de
603 1977 646 2019 qua
662 1977 688 2005 ex
704 1962 768 2018 Spira
783 1961 837 2004 Rev.
853 1961 907 2004 D.V.
927 1961 1011 2016 scripsi,
1031 1960 1087 2001 milri

216 2031 340 2086 adiutorem
350 2032 457 2084 invocem⁷
467 2048 495 2076 ne
505 2037 594 2090 propter
605 2048 655 2076 earn
665 2033 778 2077 molestari
787 2032 878 2088 possim.
910 2032 961 2075 Rev.
974 2030 1033 2073 RV.
1049 2030 1088 2072 diu

216 2103 351 2161 feliciterque
362 2105 438 2148 valeat.

313 2182 349 2225 Er
359 2183 511 2240 Norirnberga,
523 2182 586 2226 XIX.
600 2183 723 2235 Februarii,
735 2182 844 2225 MDXLI.

637 2255 805 2298 illustrissimae
817 2257 838 2296 et
849 2253 901 2296 Rev.
912 2252 969 2295 D.V.

818 2312 911 2368 bumilis
927 2324 1025 2373 servitor,

797 2408 918 2451 Renunrrrs
934 2406 1055 2449 Wrucrrcr.

248 2536 399 2592 §dr-Lena·
409 2543 430 2579 to
442 2536 550 2580 Carrliaol
560 2538 664 2591 Fornace,
671 2538 733 2593 frear
743 2536 858 2588 Rouana,
871 2537 899 2582 27
910 2536 971 2587 Fau,
984 2536 1050 2578 1541.

391 2626 592 2671 Ravanuuorssurc
608 2628 637 2672 D.
654 2629 777 2672 Cunerum
792 2626 914 2669 Flauusro.

734 2715 864 2768 Ratlsbcnc,
877 2717 905 2760 27
916 2715 977 2766 Fet„
990 2713 1056 2757 1541.

261 2797 361 2841 Litteras
375 2796 579 2841 Reverendissimae
597 2799 625 2841 D.
637 2786 665 2842 V.
677 2799 711 2842 die
723 2800 800 2855 quinta
816 2798 930 2841 Februarii
946 2788 1100 2854 conscriptas,¹

220 2868 257 2909 25ο
267 2866 337 2923 hujus
352 2869 432 2924 recepi,
445 2868 469 2910 in
485 2869 565 2924 quibus
577 2870 635 2926 quod
651 2870 706 2913 mihi
722 2870 851 2916 mandatum
867 2870 914 2919 fuit,
931 2873 1019 2925 paratus
1036 2884 1086 2914 sum

216 2939 342 2995 adimplere,
354 2941 455 2996 quamvis
471 2940 570 2985 doctrina
586 2945 662 2985 nostra
678 2943 725 2984 riso
736 2941 801 2985 modo
812 2941 921 2985 tractandi
931 2942 983 2985 haec
999 2945 1088 2999 negotis

217 3023 295 3065 parum
305 3013 428 3056 necessaria
439 3015 479 3056 est.
